3076 5498
148 304 214 372 246
491 316 617 370 caras.
637 315 739 367 cono.
758 316 932 369 usercen.
951 318 1029 367 sar.

1384 352 1388 399 l

181 493 230 545 15.
251 491 410 545 orationum
422 504 533 558 quoque
545 491 655 555 virtute,
669 503 731 543 cum
756 494 867 556 propter
884 501 980 542 causas
999 489 1170 542 necessarias
1182 489 1270 542 beatus
1280 485 1341 554 ponti-
1386 560 1388 569 Ι

147 592 192 644 fex
210 591 244 644 de
257 591 386 644 Hibernia
398 592 526 644 transiret
538 591 566 643 in
579 590 702 657 angliam
715 589 759 642 vel
772 589 807 642 de
824 589 919 656 Anglia
937 588 1038 642 rediret
1055 589 1084 641 in
1097 589 1261 655 Hiberniam,
1274 587 1343 640 luctu

148 689 240 754 maris,
255 694 397 742 ventorum
410 688 500 742 rabies
512 692 708 751 tumescentes,
719 692 880 754 tempestate
890 686 993 752 sedata,
1003 689 1183 753 compescuit,
1195 700 1282 740 navem
1290 697 1342 738 surm

147 802 210 841 eum
223 788 306 841 sociis
318 788 438 840 navibus
450 800 514 839 curn
528 801 597 853 pene
610 793 780 855 mergeretur
791 799 807 838 a
820 785 947 851 periculis
966 785 1102 851 liberavit,
1116 792 1144 838 et
1160 789 1269 839 ventum
1279 782 1342 849 erpel-
1386 816 1388 821 ,

147 886 207 940 lens
218 887 396 953 contrarium,
411 899 505 939 auram
518 886 570 938 sibi
586 885 645 937 dari
659 897 815 951 prosperam
830 885 993 951 impetravit.
1352 879 1362 929 ⁵

182 987 231 1039 16.
250 985 351 1038 liudem
365 991 487 1050 tempore
500 985 631 1051 regnabat
643 985 671 1035 in
691 984 786 1051 Anglia
809 997 855 1036 rex
874 989 973 1051 potens
985 984 1131 1048 llenricus‚
1145 984 1198 1036 sub
1215 996 1265 1050 quo
1276 991 1343 1048 passus

148 1092 188 1139 est
202 1085 297 1138 beatus
309 1085 426 1136 Tbornas
439 1090 465 1136 et
477 1085 596 1151 glorioso
613 1089 760 1136 coronatus
779 1085 918 1150 martyrio.
941 1085 1015 1135 lnter
1035 1096 1118 1149 quem
1132 1088 1160 1135 et
1173 1096 1260 1150 regem
1271 1085 1342 1147 segne

149 1187 223 1237 tbum
238 1183 384 1236 Hiberniae
395 1196 457 1236 cum
470 1189 561 1236 exorta
576 1183 674 1235 fuisset
693 1183 838 1246 dissensio,
861 1183 956 1235 beatus
969 1182 1089 1247 pontifex
1110 1183 1269 1235 Laurentius
1284 1182 1342 1245 ipsum

148 1283 224 1336 adire
237 1280 358 1333 decrevit
369 1281 398 1333 in
410 1282 545 1348 angliam,
568 1287 598 1333 ut
619 1282 690 1333 inter
710 1282 792 1347 ipsos,
815 1294 933 1347 quorum
953 1279 1090 1333 discordia
1102 1281 1204 1349 regnis,
1218 1278 1344 1333 eeclesiisct

149 1382 256 1450 populis
268 1383 357 1449 gravis
369 1394 431 1434 esse
444 1384 550 1447 poterat
561 1387 590 1434 et
601 1382 687 1434 multo
700 1376 779 1446 plena
792 1381 960 1447 discrimine,
972 1392 1065 1446 pacem
1075 1386 1104 1434 et
1112 1377 1343 1434 concordiamrefor·
1353 1372 1373 1423 {l

148 1485 243 1534 maret.
258 1480 297 1531 0b
310 1482 381 1532 banc
393 1492 504 1532 eausam
517 1478 703 1532 transfretavit
716 1480 743 1531 in
757 1479 891 1547 Angliam,
905 1478 954 1532 sed
968 1492 1024 1532 non
1043 1479 1163 1532 obtinuit
1182 1480 1252 1546 quod
1263 1487 1343 1546 quaere

148 1580 203 1633 bat.
217 1582 282 1633 llam
296 1578 410 1631 verbum
424 1578 499 1643 pacis
513 1589 568 1630 non
581 1578 733 1643 acceptavit
745 1591 793 1629 rex
803 1578 928 1644 angliae,
941 1578 990 1630 sed
1003 1582 1101 1631 contra
1112 1579 1204 1631 virum
1214 1579 1257 1631 bei
1266 1586 1343 1630 exacer-

148 1680 228 1734 batus
239 1679 310 1731 ultra
324 1676 541 1743 quamdcberet,
563 1676 647 1744 regali
667 1677 807 1742 probibuit
826 1676 925 1744 edicto,
945 1689 981 1729 nc
999 1690 1050 1743 per
1070 1678 1193 1745 aliquem
1211 1682 1304 1744 portum
1316 1672 1344 1726 via

149 1783 254 1847 pateret
266 1778 327 1831 viro
341 1777 386 1830 bei
399 1777 433 1829 ad
448 1777 603 1829 Hiberniam
616 1789 668 1829 nee
677 1777 823 1842 quisquam
834 1777 858 1828 ei
870 1777 1088 1829 navisauxilium
1099 1777 1270 1830 ministraret.
1280 1772 1343 1827 libita
1386 1772 1388 1785 '

149 1876 242 1944 gestis,
257 1876 411 1941 praedictus
424 1887 473 1927 rex
486 1874 611 1925 transivit
623 1874 651 1925 in
663 1874 867 1926 Normanniam.
882 1875 966 1937 Quem
980 1874 1058 1940 sequi
1071 1874 1195 1928 decrevit
1206 1875 1292 1927 beatus
1299 1873 1342 1923 lat·
1353 1858 1388 1914 ¹⁵³

152 1975 267 2038 raudus,
281 1979 463 2039 temptaturus
475 1973 498 2025 si
511 1972 624 2026 forsitan
639 1972 823 2026 deferbuisset
834 1970 875 2025 ira
888 1973 960 2041 regis
978 1979 1005 2025 et
1016 1973 1106 2038 ipsum
1120 1975 1206 2042 magis
1219 1969 1342 2039 placabilem

150 2074 292 2127 inveniret.
306 2072 435 2125 Ascendit
446 2084 512 2140 ergo
533 2085 629 2125 navem
652 2071 724 2137 apud
746 2074 890 2137 bovuram,
903 2076 931 2125 et
946 2083 1029 2124 cursu
1049 2076 1223 2126 transvectus
1235 2077 1342 2138 proserit·

150 2172 292 2239 applicans
313 2172 384 2238 apud
406 2172 577 2238 Huisantum,
599 2172 672 2238 gravi
694 2171 771 2223 febre
791 2176 933 2236 correptus
954 2176 1006 2224 est.
1020 2170 1200 2239 diligebatur
1218 2173 1257 2224 vir
1266 2170 1343 2222 sareu

150 2272 317 2325 infirmitatis
330 2271 452 2323 molestia
475 2277 502 2323 ct
521 2271 668 2338 cogebatur
688 2276 718 2323 ut
739 2271 774 2323 ab
795 2272 903 2336 incepto
925 2271 1070 2324 desisteret
1091 2272 1202 2339 itinere,
1223 2271 1342 2325 sedmrtrt
1386 2316 1388 2327 .

152 2373 235 2425 febris
249 2372 377 2424 ardorem
398 2371 480 2422 ardor
499 2371 618 2422 caritatis
640 2371 777 2437 pugnabat
800 2375 827 2422 et
848 2377 984 2435 naturam,
998 2384 1079 2436 quam
1103 2371 1211 2424 febrilis
1222 2352 1388 2431 debilebt’}

152 2473 278 2538 impetus,
292 2472 391 2523 caritas
404 2471 455 2522 sibi
469 2470 576 2523 fortiter
588 2470 706 2522 militare
718 2470 839 2536 cogebat.
858 2472 1012 2523 succensus
1031 2471 1136 2523 etenim
1149 2472 1259 2524 caritate
1269 2471 1345 2522 ancill

152 2572 326 2634 Laurentius,
341 2569 507 2622 inlrmitatis
520 2569 618 2623 timore
630 2569 743 2632 calcato,
758 2569 883 2623 laborare
896 2569 1043 2636 praeelegit
1060 2575 1091 2623 ut
1104 2583 1199 2637 pacem
1210 2571 1300 2637 patriae
1306 2560 1346 2618 retl-

151 2669 237 2730 deret.

187 2770 237 2822 17.
251 2771 381 2833 coeptum
392 2768 473 2835 igitur
486 2752 619 2836 peragens
632 2768 692 2835 iter,
706 2769 748 2821 vir
761 2768 857 2821 beatus
872 2767 906 2820 ad
919 2781 1011 2836 regem
1023 2770 1136 2837 angliae
1149 2771 1178 2824 in
1190 2765 1348 2825 llormanritu
1386 2836 1388 2841 Ι

154 2867 382 2933 festinabat;sed
404 2867 587 2919 invalescente
610 2868 635 2919 vi
661 2868 788 2934 febrium,
801 2869 888 2921 sensit
911 2869 955 2921 vir
978 2874 1090 2921 sanctus
1113 2871 1188 2937 quod
1211 2840 1386 2924 vomrcurff

156 2970 279 3031 bomine,
293 2973 320 3020 et
338 2973 477 3032 tamquam
488 2973 580 3018 certus
592 2965 627 3019 de
648 2967 708 3020 loco
729 2968 778 3020 sed
799 2968 910 3035 ignarus
931 2967 966 3021 de
986 2937 1111 3022 situ⁸loci
1124 2983 1181 3036 quo
1194 2973 1246 3024 lleo
1258 2962 1353 3022 reddere*

155 3069 274 3121 animam
288 3072 314 3119 et
327 3073 416 3120 terrae
429 3066 502 3132 quod
515 3074 660 3132 acceperat
671 3067 705 3120 de
717 3072 790 3121 terra
803 3069 1007 3135 corpusculum,
1021 3082 1083 3123 curn
1096 3071 1217 3137 plurima
1229 3060 1355 3138 peratrttrtl

155 3167 224 3232 loca,
238 3167 361 3219 locorum
383 3167 494 3217 nomina
519 3166 685 3232 requirebat,
707 3167 729 3218 si
751 3167 865 3220 forsitan
889 3168 923 3220 ad
945 3167 1034 3221 locum
1057 3169 1110 3221 sibi
1130 3170 1355 3235 praeordinatum

157 3265 270 3317 bomine
284 3263 461 3329 pervenisset.
476 3263 594 3315 Veniens
612 3264 703 3330 itaque
715 3265 749 3317 ad
771 3266 948 3331 supercilium
971 3267 1070 3319 montis
1088 3269 1136 3333 qui
1157 3269 1272 3335 Augensi
1291 3267 1357 3319 castrt

156 3363 351 3428 supereminet,
366 3363 477 3413 intuens
489 3368 618 3427 castrum,
632 3369 658 3415 et
670 3363 698 3415 in
712 3370 801 3416 eastre
819 3367 898 3417 sitam
916 3366 1070 3432 ecclesiam,
1095 3368 1233 3421 intellexit
1248 3341 1388 3434 pereml5

155 3464 255 3529 quibus
269 3464 320 3515 boc
332 3463 531 3526 sciscitabatur,
545 3462 616 3529 quod
631 3469 751 3516 castrum
761 3471 834 3516 esset
840 3467 966 3531 augense
974 3471 1001 3518 et
1010 3466 1128 3519 ecclesia
1138 3468 1235 3520 beatae
1247 3473 1275 3521 et
1284 3464 1361 3535 glorie

156 3576 201 3615 sae
214 3575 375 3628 semperque
388 3562 501 3628 virginis
523 3563 631 3627 llariae,
655 3563 682 3614 in
703 3576 757 3629 qua
779 3564 902 3616 canonici
925 3565 953 3615 in
967 3563 1064 3617 ordine
1082 3567 1176 3619 Sancti
1189 3563 1365 3621 victorislari·

156 3662 254 3714 siensis
266 3661 317 3712 sub
330 3660 424 3728 regula
436 3662 507 3713 beati
521 3662 662 3729 Augustini
681 3663 797 3715 bomine
815 3663 981 3716 serviebant.
995 3666 1052 3728 Quo
1071 3665 1176 3732 audito,
1190 3669 1283 3720 statim
1294 3666 1369 3720 subin·

156 3760 218 3814 tulit
229 3761 270 3811 vir
290 3765 419 3812 sanctus:
442 3761 525 3814 Haec
546 3760 668 3827 requies
688 3774 757 3814 mea
775 3761 808 3813 in
829 3763 990 3816 saeculum
1008 3765 1139 3831 saeculi,
1161 3765 1213 3820 bic
1235 3764 1374 3830 habitabo,

155 3859 303 3926 quereiam
315 3859 393 3925 elegi
403 3872 482 3912 cem.
496 3859 668 3926 veniensque
680 3860 713 3912 ad
738 3864 890 3928 augensem
908 3862 1062 3928 ecelesiam,
1082 3867 1108 3916 et
1125 3866 1255 3919 oratioue
1272 3865 1388 3933 profustt

158 3973 187 4012 se
200 3959 287 4025 ipsum
303 3961 356 4010 beo
369 3963 396 4010 et
414 3958 510 4011 beatae
522 3959 623 4026 Virgini
649 3960 886 4024 recommendans,
908 3960 1055 4014 declinavit
1076 3962 1111 4015 ad
1135 3965 1299 4034 hospitium,
1322 3966 1381 4020 etin

158 4059 229 4111 lecto
239 4058 419 4119 decumbens,
432 4063 582 4124 vocatoque
598 4059 719 4125 ejusdem
732 4059 784 4112 loci
805 4060 912 4127 abbate,
931 4060 1104 4114 confessione
1116 4065 1274 4127 praemissa
1285 4071 1384 4120 sanem

161 4157 346 4209 Eucharistiae
359 4158 570 4209 communicavit
582 4156 699 4210 fideliter
712 4162 738 4209 et
754 4156 860 4222 devote,
879 4162 905 4210 et
926 4157 1134 4225 ingravescente
1147 4160 1274 4216 febrium
1285 4165 1384 4228 ardore,

159 4270 221 4308 cum
232 4257 346 4309 sentiret
354 4256 564 4309 dissolutionem
573 4258 680 4310 animae
690 4270 757 4309 suae
771 4263 800 4310 et
810 4258 933 4323 corporis
945 4259 1101 4328 imminere,
1111 4262 1185 4314 sacri
1195 4262 1252 4317 olei
1265 4267 1388 4321 unctione

158 4360 505 4420 extremapcrunctuscst.
528 4358 734 4427 Testamentum
758 4357 865 4409 nullum
887 4357 961 4423 feeit,
985 4358 1050 4424 quia
1070 4359 1148 4412 uude
1173 4361 1281 4418 faceret
1296 4379 1388 4434 pauper

156 4455 255 4508 Gbristi
268 4469 323 4507 nun
341 4453 444 4507 babuit.
461 4456 480 4506 0
493 4455 664 4507 admirabilis
677 4456 833 4522 compassio
847 4457 977 4522 caritatis,
991 4470 1007 4509 o
1020 4471 1084 4511 vere
1102 4459 1233 4516 miranda
1246 4469 1335 4520 sancti
1347 4467 1388 4520 viri

157 4554 274 4620 devotio,
288 4557 335 4625 qui
349 4557 420 4608 inter
432 4555 580 4609 acerrimos
590 4555 700 4609 dolores
715 4563 808 4610 ettam
821 4557 927 4610 vicinae
939 4557 1187 4627 mortisaugustias
1196 4564 1338 4632 abjectum
1349 4567 1388 4622 sib'
