3076 5498
241 311 572 364 remurmuremus.
601 335 631 347 -
651 316 804 366 sereno.
824 315 872 366 so
888 315 966 366 ooo.
987 312 1077 364 litia.
1234 297 1276 363 tl

94 476 149 542 lapis,
159 484 184 531 ut
192 479 297 533 multam
309 481 364 533 rim
376 494 425 547 per
437 481 583 536 innumera
598 485 770 551 pessimaque
788 484 909 552 pericula
921 485 1036 552 patiens,
1049 481 1177 550 propriae
1190 481 1279 536 caruis

94 576 152 630 utam
161 581 290 635 celerrime
303 583 472 637 terminaret.

115 677 308 746 88.0uibeatus
328 683 470 737 loirauues
482 685 643 753 priusquam
664 685 831 754 pertingeret
842 687 991 738 comanam
1011 684 1119 748 urbem,
1132 687 1280 749 antequam

94 779 210 840 nutriret
220 779 252 833 ati
266 779 357 833 locum
378 783 463 834 sancti
478 783 597 836 Basilisci
611 784 736 850 martyris
747 790 774 837 et
785 781 907 850 episcopi
919 781 1069 835 eorundem
1085 783 1278 848 comanorum,

68 873 200 930 toliausei
211 880 335 945 apparuit
347 880 376 932 iu
388 893 485 934 somno
497 887 560 934 ante
573 895 658 935 unum
671 883 744 934 diem
762 881 950 950 gloriosissimi
964 880 1026 932 finis
1038 881 1097 946 ejus
1119 880 1190 934 idem
1215 893 1278 933 san-

93 976 134 1024 etus
143 988 240 1045 martyr,
253 978 350 1031 dicens
364 995 370 1031 :
385 980 498 1033 Fruar
509 979 676 1049 lohannes,
689 980 820 1048 confide,
828 980 933 1046 paude
941 982 971 1032 et
985 980 1114 1044 laetare,
1127 980 1284 1033 concerta·

91 1071 126 1122 tor
132 1086 233 1143 mapne.
251 1077 397 1131 Crastina
410 1078 461 1132 die
479 1079 648 1146 epredieris
660 1080 698 1134 de
708 1080 775 1133 vita
789 1080 931 1133 taediosa
944 1080 975 1132 et
986 1077 1161 1146 temporali,
1174 1079 1205 1131 et
1213 1089 1285 1146 pra·

89 1170 159 1226 iteri
169 1175 206 1228 ad
211 1176 403 1242 paradisum
413 1178 618 1245 pratissimae
632 1182 837 1246 aeternaeque
854 1179 946 1246 vitae,
957 1179 989 1232 et
998 1177 1200 1232 sociabuntur
1211 1189 1282 1230 san·

88 1268 194 1326 emina
202 1286 272 1327 ossa
282 1277 337 1327 tua
349 1275 425 1328 meis
436 1277 467 1328 et
476 1278 658 1330 sanctorum
668 1280 847 1343 martyrum
858 1276 1005 1344 Eutropii
1012 1279 1042 1330 et
1051 1275 1169 1343 Ruffini
1178 1277 1209 1329 et
1222 1274 1284 1330 Col·

21 1418 24 1423 .
57 1365 77 1416 ll
86 1364 147 1421 latii
154 1372 275 1437 ossibus,
288 1375 318 1427 et
331 1376 467 1440 tempore
477 1377 550 1442 apto
562 1376 732 1430 reducetur
743 1377 888 1430 sanctum
899 1387 1012 1442 empus
1026 1378 1115 1428 tuam
1127 1374 1283 1428 adsedem

90 1466 234 1526 ttamNon
246 1471 330 1525 enim
350 1472 716 1540 adpuievitjustissimus
729 1475 834 1540 jadera
854 1477 934 1528 Deus
953 1473 1284 1542 iniquissimojudieio

88 1564 283 1632 *maturimae
294 1574 464 1629 eversionis
485 1576 680 1629 sanctissimi
699 1575 869 1629 sacerdotii
880 1575 929 1629 tui
949 1577 978 1628 et
995 1574 1161 1628 durissimi
1179 1573 1282 1641 emilii,

86 1665 277 1728 ilorimissime
283 1686 344 1741 per
354 1674 460 1728 omnia
477 1673 696 1741 atrpsostome.
715 1674 789 1729 Veni
799 1687 873 1743 erpo
885 1676 1033 1729 enultans
1045 1674 1088 1728 ad
1095 1676 1285 1742 perpetuam

88 1767 190 1829 litt'etem
198 1785 205 1835 ;
218 1771 262 1825 ibi
271 1772 471 1840 plcriaberis,
485 1774 595 1828 areima
606 1777 728 1839 sancta,
739 1777 769 1828 et
780 1773 966 1842 epulaberis,
975 1773 1157 1828 carobeata.
1174 1772 1285 1827 omnia

58 1859 144 1920 olom
152 1870 270 1924 Domini
281 1871 339 1925 tibi
350 1871 523 1927 hereditate
534 1875 653 1928 donata
664 1876 746 1942 sunt,
755 1887 817 1941 pro
833 1887 867 1928 eo
879 1874 960 1942 quod
971 1872 1100 1941 fortiter
1116 1872 1286 1927 decertasti

10 1984 13 1990 ·
87 1962 204 2022 adoneus
216 1971 382 2039 malipnos.
396 1973 522 2026 Arbitror
531 1974 611 2025 etiam
624 1973 760 2025 Christum
769 1973 857 2038 ipsum
871 1985 920 2038 per
932 1984 963 2024 se
974 1973 1009 2025 de
1018 1971 1103 2025 caelis
1115 1971 1178 2024 talia
1190 1974 1284 2023 sancto

10 2109 13 2117 ,
87 2064 231 2122 itlriuoslro
252 2070 446 2136 chrysostomo
456 2072 574 2124 iohanni
596 2071 698 2124 dixisse
712 2087 719 2123 ε
733 2070 829 2126 Homo
844 2071 898 2124 Dei
917 2073 947 2124 et
964 2071 1068 2138 fidelis
1088 2068 1221 2137 famule,
1234 2067 1284 2121 vir

10 2186 13 2191 ·
88 2159 283 2222 &ramorum
303 2169 436 2236 spiritus
448 2170 519 2237 mei,
538 2171 589 2223 vir
605 2174 716 2238 potens
729 2171 761 2223 in
779 2170 911 2224 cerboet
930 2183 1021 2238 opere
1032 2170 1099 2237 pio,
1111 2168 1286 2235 diiudicari

83 2256 264 2321 minumum
287 2281 353 2323 esse
375 2271 558 2338 plorifieare
581 2274 610 2325 te
624 2271 803 2338 plurimum
821 2272 892 2337 post
917 2272 1046 2324 mortem
1070 2273 1168 2333 tuam,
1191 2271 1221 2321 et
1237 2269 1284 2322 sic

10 2381 16 2415 ε
57 2351 186 2420 'ilatum
199 2366 363 2421 laborasti
374 2369 456 2423 enim
474 2372 608 2423 multum
615 2382 676 2437 pro
693 2370 818 2422 nomine
829 2382 895 2423 meo
906 2372 1022 2434 sancto,
1035 2367 1284 2436 persecutionem

86 2467 211 2520 larun
230 2467 367 2521 nimiam
386 2467 425 2522 ab
445 2469 572 2535 iniustis
592 2472 622 2523 et
642 2468 822 2523 crudelibus
834 2467 868 2522 ob
889 2481 988 2522 meam
1004 2468 1095 2535 piam
1108 2466 1281 2534 justitiam,

89 2559 209 2620 antam,
225 2579 258 2621 es
275 2581 297 2621 a
309 2569 576 2636 persequentibus,
599 2571 654 2623 sed
665 2572 799 2637 propter
816 2582 902 2623 meae
924 2568 1052 2622 deitatis
1076 2567 1280 2634 dilectionem,

90 2650 164 2718 iactu
173 2678 203 2719 er
213 2667 318 2721 dumis
330 2648 506 2721 bominibus
524 2670 631 2723 doctor
642 2671 672 2721 et
683 2668 840 2723 enutritor
851 2669 1040 2721 nutrimento
1057 2667 1233 2721 salubrium
1246 2677 1284 2719 ao

20 2774 22 2781 ·
50 2752 56 2771 ⁸
91 2755 202 2818 titatium
217 2769 460 2834 praeceptorum
477 2781 625 2836 meorum,
644 2767 738 2835 facus
757 2767 917 2822 distillans
935 2768 980 2820 eis
993 2767 1204 2834 purissimum
1224 2766 1286 2818 mel

10 2872 23 2901 ·-’
62 2844 193 2919 ”bintus
203 2867 317 2931 saneti,
332 2867 452 2933 liquida
465 2870 495 2920 et
514 2868 797 2935 inconsumptibilis
814 2881 896 2935 cera,
909 2866 980 2935 fons
999 2866 1181 2934 indeficiens
1193 2866 1286 2920 ecele-

11 2972 14 2975 ·
93 2952 182 3015 ll'terrem
190 2977 341 3033 mearam,
351 2978 451 3020 aurea
459 2966 522 3019 mei
532 2967 616 3020 labia
628 2967 703 3032 oris,
713 2967 955 3033 probatissimus
968 2966 1049 3034 ipnis
1061 2964 1284 3034 tribulationis,

10 3075 15 3145 ὲ
93 3061 407 3132 tlramarpentumque
424 3066 724 3133 splendidissimam,
739 3068 842 3120 lumen
854 3067 1044 3133 dapinatam,
1054 3065 1284 3131 pretiosissima

10 3148 15 3237 ζ
89 3164 187 3229 limma,
203 3166 362 3219 munditia
380 3167 570 3234 animarum,
592 3165 733 3233 ferreum
760 3167 1048 3231 tolerantiarum,
1070 3177 1163 3218 aerea
1190 3165 1283 3218 delec-
1317 3180 1405 3235 'eod
1419 3178 1458 3231 tn.

90 3251 278 3316 aasumensi
290 3264 519 3329 paupertatum
529 3264 621 3326 verbi,
629 3265 771 3318 custodia
784 3265 957 3331 viduitatis,
969 3265 1282 3330 sinuspareulorum,
1301 3247 1471 3301 ῑθῑθηῦῐῑθθ·

44 3352 169 3412 Μυκη
191 3363 376 3427 timentium,
401 3377 493 3416 arma
518 3365 732 3431 temptationes
753 3365 957 3430 patientium,
982 3365 1072 3417 salus
1104 3376 1283 3430 aeprorum,

82 3459 177 3522 repares
201 3463 372 3529 lapsorum,
393 3463 600 3516 esurientium
621 3463 717 3530 cibus,
742 3463 917 3517 sitientium
935 3466 1039 3530 potus,
1067 3463 1284 3515 indumentum

77 3556 221 3623 cadorum,
242 3562 441 3628 spiritalium
458 3567 487 3615 et
507 3563 721 3629 corporalium
738 3576 847 3617 rerum
864 3562 1049 3616 distributor
1072 3563 1167 3615 dives.
1191 3564 1235 3615 Tu
1252 3575 1284 3615 es

67 3658 131 3720 post
145 3672 243 3712 meum
258 3661 483 3728 euanpelistam
504 3661 616 3714 tertius
626 3663 833 3727 praedicator
847 3660 1003 3715 Jobannes
1024 3674 1164 3715 meorum
1184 3661 1283 3715 verbo·

65 3767 138 3807 rum.
150 3757 283 3814 murras
292 3761 464 3813 secumdum
473 3763 503 3812 te
511 3760 667 3813 Jobaunes
677 3774 739 3814 noa
754 3763 897 3814 surremit
909 3761 1094 3814 internatas
1107 3761 1285 3813 mulierum.

12 3857 49 3909 ³5
64 3855 222 3919 Baptistae
239 3871 305 3911 meo
318 3860 489 3926 proprium
505 3859 649 3912 uerticem
667 3860 823 3913 inclinavi
837 3862 866 3911 et
883 3861 945 3912 tali
956 3873 993 3912 ac
1007 3862 1095 3911 torcia
1107 3873 1176 3910 cirea
1188 3857 1289 3911 hunri-

56 3953 145 4006 litate
156 3954 248 4007 illum
269 3958 412 4009 caaltaui
425 3974 433 4011 .·
445 3971 520 4010 nam
541 3956 688 4010 rrranibus
706 3971 762 4024 me,
777 3958 902 4010 Patrem
917 3971 1020 4010 meum
1040 3957 1179 4019 auribus,
1191 3957 1288 4023 Spiri-

53 4055 123 4105 tum
142 4057 287 4107 sanctam
303 4057 448 4123 propriis
472 4056 595 4123 visibus,
617 4070 680 4111 uno
701 4061 853 4110 momento
877 4057 994 4109 virtute
1016 4057 1111 4110 unica
1134 4057 1233 4109 tenuit
1253 4057 1287 4108 in

50 4164 163 4204 unum.
191 4153 409 4220 annpeiistae
430 4167 496 4208 meo
514 4157 624 4221 pectus
650 4167 752 4207 meum
774 4156 942 4222 constrari,
965 4158 994 4209 et
1018 4154 1159 4208 recubuit
1182 4154 1225 4206 ibi
1247 4167 1285 4208 ae

49 4249 203 4304 sublimia
221 4253 294 4304 inde
307 4252 427 4306 didicit.
453 4253 519 4306 Tibi
531 4253 621 4307 cerba
639 4267 709 4307 inea
729 4253 887 4307 uberrime
903 4254 1027 4321 diffudi,
1041 4257 1070 4307 et
1086 4266 1189 4307 onrnes
1207 4253 1285 4305 diui·

10 4353 31 4404 rt
48 4350 142 4402 nitus
150 4349 322 4416 inspiratos
326 4350 534 4419 propheticos,
543 4353 746 4420 ecanpelicos,
755 4353 998 4420 apostolicosque
1005 4353 1186 4406 disseruisti
1192 4352 1284 4406 libros

45 4451 88 4513 et,
109 4450 190 4515 quod
206 4452 286 4503 satis
301 4452 480 4517 peremnia
493 4452 549 4504 tibi
561 4452 716 4518 proderit,
727 4452 864 4505 erudisti
875 4454 997 4515 medios,
1014 4452 1224 4516 chrysostome
1235 4452 1285 4503 cir

44 4546 218 4603 Iohannes.
231 4550 344 4603 Custodi
364 4551 445 4603 ctiam
469 4552 520 4604 loci
539 4552 580 4605 sui
594 4553 691 4606 beatus
709 4551 854 4604 Basiliscus
873 4565 1008 4618 apparens
1021 4552 1049 4602 in
1070 4564 1177 4614 somno,
1196 4550 1281 4603 dixit:
