3076 5498
258 323 354 373 amo.
373 323 458 373 nar.
478 322 595 373 rums.
614 343 659 354 -
677 322 831 372 arcano.
852 322 899 371 xo
918 321 996 372 coo.
1017 321 1106 372 15031.
1238 308 1306 376 293

126 496 245 544 :comatos
258 504 371 544 suorum
385 492 539 544 concivium
561 492 776 559 regenerationis
798 491 952 557 primaevae
975 498 1001 545 et
1021 491 1084 546 ildei
1106 493 1298 560 fundamenta,

126 588 201 642 isicia
212 604 260 656 per
272 602 333 643 eam
345 591 467 643 exhibita
482 592 510 642 in
528 592 637 643 civitate
655 591 762 656 eadem,
786 591 1010 658 incessanterque
1028 601 1157 658 expertos
1171 593 1295 661 largitlua

126 701 152 739 na
162 691 223 754 ejus.
242 692 328 743 llomo
341 689 464 756 quidam,
479 689 747 755 nomine01ivarius,
762 690 898 742 oriundus
910 689 1020 757 exinde,
1034 690 1100 743 dum
1118 704 1193 745 anno
1206 693 1300 745 nativi-

126 786 144 837 is
154 789 301 842 dominicae
314 788 460 842 millesimo
474 790 666 841 trecentesimo
679 790 888 856 quadragesimo
896 795 1001 855 octavo,
1014 789 1174 843 indictionis
1184 789 1299 857 primae,

126 893 197 939 nutus
218 903 268 954 per
280 889 350 940 niam
363 893 498 956 pergeret,
513 888 608 954 nilque
624 889 676 940 tale
689 896 815 941 metuens
825 888 928 941 nullius
942 890 1055 942 insidias
1070 896 1220 955 vereretur,
1231 889 1298 942 dum

128 986 288 1039 mincautum
302 988 389 1053 pietas
405 998 455 1039 sua
468 987 545 1047 lallit,
568 987 665 1054 sagitta
686 986 839 1053 aquodam
860 987 979 1053 jaciente
1000 987 1099 1039 emissa
1119 988 1146 1038 in
1158 987 1301 1053 cujusdam

126 1085 188 1139 listae
200 1088 357 1140 fortitudine
370 1088 556 1149 brachiorum,
569 1086 710 1140 crudelem
723 1085 806 1138 nimis
817 1087 930 1154 porrigit
940 1087 1046 1153 plagam
1060 1087 1097 1153 ei,
1108 1091 1138 1140 ut
1150 1093 1178 1140 et
1188 1093 1301 1142 truncus

126 1197 147 1234 m
155 1186 217 1239 lerro
229 1187 257 1237 in
270 1187 329 1252 ejus
342 1191 454 1252 pectore
467 1185 633 1237 remanserit
644 1183 741 1236 allinus
753 1197 835 1249 supra
848 1184 988 1237 sinistram
1001 1185 1161 1238 mamillam.
1175 1186 1300 1249 Quicum

137 1286 228 1338 rideret
248 1285 366 1338 letaliter
386 1285 572 1348 vulneratum,
595 1285 624 1335 in
645 1283 738 1336 labore
762 1283 881 1336 maximo
902 1289 929 1335 et
948 1285 1025 1351 copia
1043 1283 1222 1338 lacrimarum
1233 1284 1300 1338 dum

126 1396 218 1451 rumque
237 1387 384 1438 extrahere
402 1391 558 1448 conaretur,
581 1391 710 1436 truncum
732 1388 839 1435 tantum
861 1384 987 1448 extraxit,
1002 1383 1075 1436 terro
1096 1384 1125 1436 in
1137 1384 1199 1438 loco
1211 1397 1297 1438 rema·

126 1484 257 1538 utcallixo.
271 1486 407 1537 successu
428 1484 510 1551 igitur
531 1483 673 1548 temporis,
688 1483 760 1535 lerro
782 1484 858 1535 carni
879 1483 1101 1548 inseparabiliter
1119 1484 1298 1552 adhaerente,

126 1581 231 1650 ricmque
243 1597 306 1636 cum
319 1583 454 1650 sanguine
473 1583 533 1647 ipso
545 1581 660 1633 vulnere
679 1581 830 1644 emittente,
844 1581 976 1633 continue
995 1580 1217 1634 contundebatur
1236 1581 1301 1634 coti·

126 1683 269 1748 ruodolore,
282 1688 310 1734 et
322 1695 378 1734 non
399 1682 554 1748 quiescens,
569 1680 597 1731 in
616 1679 709 1732 multis
732 1679 865 1746 angustiis
886 1685 913 1730 et
932 1679 1101 1732 clamoribus
1121 1679 1252 1745 ululabat,
1271 1684 1303 1733 ut

128 1778 169 1832 llus
180 1788 214 1834 tot
223 1782 366 1836 dolorosas
379 1794 460 1834 voces
472 1780 568 1832 audire
582 1793 630 1845 per
651 1778 824 1832 tolerantiam
845 1779 893 1832 diu
913 1784 1014 1845 posset,
1027 1794 1089 1833 cum
1102 1781 1147 1834 die
1160 1787 1300 1848 noctuque

126 1882 198 1933 nentis
209 1886 317 1934 vacaret
329 1886 356 1933 et
368 1881 497 1955 lacrimis.
512 1878 577 1931 ldeo
589 1878 698 1932 vicinus
710 1879 796 1943 casui,
810 1878 877 1931 dum
896 1880 987 1931 taliter
1004 1880 1163 1933 mortiferae
1175 1881 1301 1946 punctio-

126 1978 266 2033 ;obsidione
279 1980 487 2047 constringitur,
502 1979 625 2031 breviter
637 1979 707 2031 mori
726 1980 811 2044 cupit,
830 1985 969 2046 tamquam
988 1980 1035 2032 ille
1047 1981 1095 2046 qui
1107 1981 1299 2047 comprimitur

126 2077 187 2132 nium
198 2094 260 2147 prae
272 2080 378 2146 dolore,
394 2081 459 2146 quia
470 2080 561 2132 letifer
572 2080 670 2132 humor
683 2079 738 2142 ille,
752 2078 799 2146 qui
813 2092 862 2144 per
871 2079 993 2132 occultas
1006 2079 1120 2132 insidias
1130 2081 1298 2149 mittebatur,

129 2190 165 2240 per
175 2189 284 2249 angusta
305 2194 440 2234 venarum
461 2181 558 2232 itinera
580 2180 757 2246 impingebat,
780 2179 846 2231 dum
868 2179 1009 2232 invalescit
1030 2187 1056 2233 et
1077 2185 1191 2247 occupat
1216 2195 1299 2248 quem

126 2287 208 2344 pugnat
221 2277 316 2333 mortis
329 2281 451 2346 nuntius,
466 2293 637 2345 serpensque
650 2280 780 2344 paulatim
800 2277 959 2332 effundebat
977 2280 1197 2346 interemptionis
1216 2294 1297 2335 venc-

127 2387 154 2428 111.
165 2381 197 2432 td
209 2383 287 2447 cujus
304 2393 398 2433 curam
421 2380 569 2432 larinatum
588 2379 689 2431 frustra
710 2380 867 2445 apponitur,
881 2393 943 2432 curn
957 2379 1065 2433 nullum
1078 2381 1201 2434 conferat
1213 2394 1298 2435 reme

126 2485 152 2526 tm
163 2491 204 2532 seu
216 2479 364 2544 medelam,
378 2480 444 2532 dum
465 2478 640 2545 emplaustris
652 2478 694 2530 vel
710 2478 839 2531 fomentis
856 2491 1004 2560 occurrere
1016 2493 1073 2532 non
1084 2480 1219 2548 proficiat,
1233 2494 1296 2535 cau-

126 2572 179 2641 ium,
192 2578 272 2632 finale
285 2579 456 2646 surgicorum
470 2577 633 2643 remedium,
655 2578 782 2630 morbum
798 2590 854 2630 non
876 2577 987 2653 incidat,
1010 2584 1056 2630 aut
1073 2579 1159 2632 virtus
1172 2579 1294 2646 lapidum

126 2673 275 2731 therbarum
297 2677 419 2729 remedia
441 2677 516 2729 nulla
537 2681 675 2743 parerent.
690 2677 757 2728 bein
776 2676 849 2728 inter
861 2676 933 2742 ipsas
946 2676 1049 2730 doloris
1062 2678 1202 2745 angustias
1214 2679 1295 2732 mori·

126 2771 180 2827 udus
194 2777 221 2828 in
234 2790 304 2830 voce
325 2776 403 2843 quasi
423 2775 563 2841 deficiens,
587 2780 614 2828 et
634 2775 680 2842 qui
704 2776 799 2828 mortis
820 2776 960 2841 proximae
980 2775 1093 2829 dentem
1106 2778 1199 2843 sentit,
1222 2783 1295 2832 totus

126 2883 194 2928 tersus
205 2879 232 2928 in
245 2875 378 2940 lacrimis,
392 2875 511 2941 amplius
523 2876 614 2927 vivere
627 2887 683 2927 non
698 2872 813 2940 affectat,
828 2875 880 2926 nisi
894 2881 1005 2928 sanetur
1018 2876 1045 2927 in
1058 2875 1143 2943 brevi,
1157 2877 1224 2930 dum
1242 2892 1295 2932 nec

126 2976 302 3029 rocumndum
316 2990 346 3027 se
359 2974 435 3027 videt
454 2980 481 3027 et
502 2976 529 3025 in
543 2975 731 3039 experimento
752 2975 818 3025 artis
837 2988 893 3027 non
912 2975 1016 3027 invenit
1028 2977 1183 3042 sanitatem,
1197 2982 1225 3031 et
1235 2979 1292 3045 jam

126 3072 259 3136 gisolenus
273 3084 298 3129 et
311 3077 451 3130 continuis
463 3076 543 3127 annis
555 3076 613 3127 lere
626 3081 731 3139 septem
745 3079 771 3127 et
789 3075 907 3139 amplius
924 3076 1059 3128 vacaverit
1078 3077 1141 3129 liuic
1153 3077 1291 3131 laborioso

126 3176 214 3242 tantini,
227 3177 339 3229 assidue
351 3177 484 3228 invocans
502 3175 672 3226 dilectricem
690 3175 826 3227 dilectam.
849 3174 901 3226 sed
914 3174 1026 3227 demum
1045 3175 1078 3228 ad
1093 3178 1193 3230 tutiora
1205 3177 1289 3230 decli·

126 3280 144 3319 ts
156 3276 278 3339 remedia,
299 3275 456 3340 expressius
477 3280 569 3326 votum
590 3274 672 3341 vovit,
683 3288 797 3339 sperans
810 3272 927 3326 firmiter
944 3274 1059 3327 dilectae
1081 3289 1110 3328 se
1133 3277 1291 3329 conservari

126 3367 166 3422 llio
177 3379 200 3425 et
212 3376 269 3426 suis
284 3372 467 3425 sanctissimis
480 3374 608 3438 precibus
620 3379 647 3424 et
660 3372 766 3423 meritis
779 3372 902 3436 recipere
921 3373 1077 3438 sanitatem,
1092 3375 1249 3440 supplicans
1262 3381 1291 3427 ut

126 3481 191 3524 ruma
204 3474 318 3525 vulnere
330 3475 372 3525 sui
387 3473 497 3525 tollatur
513 3472 630 3537 pectoris
644 3476 671 3523 ct
683 3478 763 3523 atam
777 3472 895 3524 crudelis
905 3472 1044 3538 languoris
1057 3473 1181 3526 saucibus
1191 3474 1289 3528 libere·

126 3572 163 3621 ¹lit
173 3586 232 3625 ecee
247 3575 275 3625 in
289 3579 350 3625 actu
363 3573 428 3624 dum
442 3573 483 3624 sui
498 3572 551 3624 voti
565 3572 766 3637 promulgasset
778 3584 887 3635 arcana,
901 3572 1004 3624 terrum
1017 3573 1108 3638 ipsum
1118 3574 1191 3627 velut
1202 3577 1290 3641 cujus-

126 3672 260 3737 nimperio
272 3674 316 3725 vel
329 3673 450 3737 impulsu
464 3673 498 3724 ab
510 3670 662 3723 intrinseco
672 3671 801 3723 emissum
823 3671 950 3736 prosiliit,
969 3674 1074 3738 potenti
1091 3687 1185 3739 manu,
1200 3681 1231 3729 ut
1242 3678 1287 3742 pie

126 3768 188 3834 titur,
202 3773 355 3825 indelictae
367 3773 474 3823 virtutis
495 3771 604 3833 itariae,
627 3771 732 3825 cunctis
754 3771 927 3836 stupentibus
939 3772 968 3822 in
980 3777 1056 3825 tanto
1066 3774 1200 3842 prodigio,
1214 3778 1288 3842 quod

126 3878 174 3924 ctae
186 3886 249 3924 suae
269 3872 405 3938 precibus,
420 3871 448 3922 in
468 3872 550 3937 hujus
571 3870 740 3922 necessitatis
762 3871 886 3935 articulo,
910 3871 957 3937 qui
970 3873 1004 3924 ad
1017 3872 1133 3925 salutem
1147 3875 1289 3929 hominum

127 3979 181 4023 erat
193 3980 218 4024 et
232 3971 359 4024 medetur
376 3971 504 4037 dignatus
525 3977 566 4022 cst
587 3971 694 4034 operari
715 3969 844 4035 dilectus,
863 3977 891 4022 et
911 3971 1032 4024 sauciato
1051 3986 1101 4025 seu
1114 3973 1244 4040 languido
1257 3977 1286 4028 in

126 4085 164 4135 tuo
177 4084 255 4137 opem
270 4076 347 4137 parat
359 4084 439 4122 verus
452 4070 649 4132 Samaritanus,
664 4070 760 4121 vinum
774 4069 880 4122 vulneri
900 4071 1133 4135 superinfundens
1150 4078 1178 4125 et
1194 4074 1286 4128 oleum

126 4169 174 4233 rtis,
188 4175 217 4220 ut
229 4182 277 4232 per
289 4169 349 4233 ejus
362 4168 528 4219 beneficium
551 4165 626 4218 brevi
640 4171 763 4230 tempore
786 4165 929 4217 infirmitas
952 4167 1082 4220 exhausta
1101 4168 1239 4223 furoribus
1251 4173 1285 4225 ad

126 4267 288 4319 alescentiae
301 4266 490 4318 blandimenta
503 4266 666 4330 pervenerit,
684 4265 779 4316 relicto
793 4271 884 4316 tamen
901 4266 1015 4333 vestigio
1034 4265 1169 4319 cicatricis
1189 4270 1216 4321 in
1232 4275 1284 4322 tes·

126 4366 197 4416 nium
211 4367 249 4416 rei
261 4371 364 4431 gestae,
379 4365 499 4429 prolecto
512 4364 576 4428 quia
589 4363 712 4414 medicus
726 4363 837 4428 dignior
849 4369 876 4414 et
888 4364 1005 4430 insignis
1018 4366 1145 4416 occurrit.
1162 4368 1284 4423 Persecte

126 4466 287 4516 rrestitntus
308 4464 439 4527 pristinae
456 4463 576 4524 sanitati,
602 4476 656 4513 non
678 4462 823 4513 immemor
842 4461 968 4514 beneticii
990 4470 1045 4515 tarn
1069 4464 1210 4529 immensi,
1234 4468 1282 4519 setl

126 4577 143 4613 ts
156 4577 185 4615 se
202 4576 280 4615 exeo
294 4563 383 4614 teneri
396 4548 571 4627 obligationis
586 4560 710 4612 antidoto
722 4560 856 4612 dilectrici
870 4561 978 4625 itariae,
993 4561 1021 4612 in
1031 4562 1075 4614 die
1088 4562 1207 4616 natalicii
1217 4566 1278 4619 lasti
