3076 5498
150 343 217 408 422
497 352 622 402 curun.
642 350 743 398 canu.
764 345 939 397 unomen.
959 343 1040 393 nur.

149 541 219 594 quae
232 526 332 592 legitur
344 539 370 589 n.
384 525 442 582 ott.
453 523 501 573 lin.
515 522 531 572 a
543 534 558 573 a
571 519 625 571 tine
638 519 671 572 ad
683 519 722 570 lin
741 521 784 569 ta
797 517 852 567 tine
863 516 1011 579 (attamen
1023 524 1136 564 rursus
1151 504 1316 562 atterantur

150 627 248 690 est...),
263 637 345 691 quam
355 623 402 676 ubi
415 622 614 684 scribebamus,
628 618 715 671 codex
728 618 772 668 trie
785 619 863 668 trent
892 615 972 667 nobis
984 625 1050 678 prae
1067 611 1153 664 oeulis
1171 621 1220 661 non
1233 598 1316 664 entstd

150 726 207 779 sola
220 724 303 777 editio
323 722 440 775 Danielis
453 735 468 772 a
482 723 508 770 v.
523 723 556 771 tt.
571 738 578 784 ;
597 732 670 769 nunc
692 725 784 769 autem
799 717 888 781 ipsum
908 714 1030 766 codicem
1053 708 1230 776 inspicientes,
1245 703 1318 756 ridicu

151 822 334 890 perspicuam
348 823 408 882 trae,
420 821 490 872 sicut
511 820 538 871 in
552 818 612 871 rod.
626 819 701 879 5615,
715 817 845 882 seriptum
874 828 935 866 esse
958 813 1017 864 ioco
1036 811 1154 863 indicato
1165 797 1318 863 tocnitona

153 923 308 990 Ousentia,
323 934 378 974 non
391 921 427 973 ete
442 919 602 972 Larentia.

623 1088 902 1097 ———-

496 1298 706 1409 Appendix
725 1295 775 1382 od
794 1298 877 1385 eod.
907 1295 1056 1384 17641.

183 1515 234 1579 De
251 1535 438 1581 nentrronn
456 1534 615 1580 eonrotus
634 1515 667 1580 S.
690 1517 876 1579 Boncnrorr
893 1511 974 1596 (Cir.
992 1533 1104 1596 supra,
1127 1534 1158 1598 p.
1185 1513 1255 1587 421,
1268 1504 1306 1588 2⁰).
1379 1548 1381 1564 ι

149 1751 154 1759 .
229 1705 305 1754 Tunc
317 1703 352 1754 ob
370 1701 558 1755 difficultatem
582 1701 690 1768 frigoris
712 1701 749 1753 ibi
763 1700 934 1752 tardantibus
949 1705 977 1752 et
1000 1701 1182 1753 instrumenta
1203 1700 1243 1751 tati
1262 1687 1340 1762 raoti⁰

149 1814 269 1870 congrua
283 1803 514 1859 machinantibus.
529 1802 638 1854 interim
648 1801 760 1865 orandis
772 1801 912 1854 eontentio
925 1801 997 1852 inter
1019 1801 1168 1854 eanonicus
1190 1801 1252 1853 beati
1269 1781 1343 1849 tritri

149 1903 359 1954 Aurelianenses
372 1908 400 1953 ct
411 1902 560 1952 monachos
575 1901 761 1952 Floriaeenses
774 1906 866 1952 exorto
879 1905 929 1951 est.
943 1900 1035 1952 Sancti
1056 1913 1122 1953 sero
1144 1901 1234 1953 Auiani
1246 1881 1344 1951 canonici

150 2000 294 2054 consilium
313 2003 385 2052 inter
403 2013 432 2050 se
451 2000 643 2060 moliebantur,
659 1997 775 2065 qualiter
794 2004 918 2052 sanctum
935 2012 1036 2065 corpus
1056 2000 1127 2052 beati
1148 1992 1341 2066 patristeuetiui
1360 1977 1372 2029 ⁵

150 2099 297 2166 praedictis
308 2099 447 2150 monachis
459 2098 599 2149 auferrent
609 2105 635 2148 et
645 2099 673 2149 in
684 2111 731 2149 sua
742 2097 857 2149 ecelesia
867 2097 895 2149 in
906 2103 1068 2163 perpetuum
1078 2099 1234 2153 retinerent.
1245 2096 1342 2152 titani

149 2196 275 2248 canonici
285 2196 318 2247 ad
330 2197 477 2247 monachos
488 2195 673 2247 Floriacenses
686 2214 691 2246 :
703 2194 856 2260 [moestum
867 2195 953 2248 nobis
966 2196 1100 2253 videtur.
1111 2196 1235 2265 fratres,
1244 2197 1342 2251 atcerte·

149 2295 199 2346 sia
211 2295 330 2356 nostra,
343 2307 421 2358 quae
433 2292 516 2345 vobis
529 2295 622 2358 caput
634 2296 663 2346 et
673 2292 800 2345 initiam
810 2293 944 2346 eontulit
952 2298 980 2346 et
994 2295 1032 2346 de
1040 2295 1133 2360 eaJ‘us
1143 2299 1254 2362 aremio
1263 2297 1340 2350 aaa

143 2393 342 2460 paterbonae
355 2392 523 2445 memoriae
537 2391 630 2445 abbas
643 2395 748 2445 noster
761 2391 968 2445 Leodobotttus
981 2393 1071 2459 exiit,
1087 2395 1143 2461 qui
1159 2397 1247 2449 etiam
1267 2397 1335 2448 nrm

151 2494 233 2572 uobis
253 2495 284 2546 et
302 2493 439 2559 preterita
461 2493 590 2546 donavit
610 2495 639 2545 et
654 2493 799 2559 primum
819 2492 960 2545 abbatem
981 2495 1154 2564 constituit,
1177 2498 1228 2564 qni
1250 2505 1337 2564 aream
1359 2480 1379 2533 ¹⁰

149 2592 210 2645 sibi
220 2592 417 2646 commissum
429 2592 471 2644 ad
477 2594 605 2658 portum
618 2592 733 2644 salutis
746 2593 805 2645 Deo
817 2593 947 2645 ducente
954 2594 1120 2662 pertinuit,
1133 2599 1217 2650 tanto
1225 2597 1275 2649 sibi
1282 2604 1334 2648 tatt-

148 2692 243 2744 misso
256 2692 396 2757 amptius
408 2693 617 2744 evacuaretur
626 2693 771 2757 patrono.
789 2691 867 2751 Quia
880 2690 1019 2759 forsitan
1029 2697 1167 2759 peccatis
1186 2697 1283 2749 restris
1295 2687 1337 2744 ui·

150 2790 294 2858 uentibus
306 2790 389 2842 nobis
402 2795 447 2842 est
460 2790 595 2856 abintus,
609 2789 695 2843 nobis
708 2804 728 2842 a
740 2791 799 2843 Deo
813 2791 955 2857 donatus,
970 2792 1108 2859 sufficiat
1120 2795 1202 2848 vobis
1213 2792 1336 2863 natm

151 2893 231 2942 esset
242 2890 274 2940 in
288 2891 386 2942 uestro
400 2891 599 2954 monasterio,
613 2891 680 2954 ejus
692 2890 791 2957 sionis
804 2892 833 2942 et
852 2891 1019 2943 virtutibus
1038 2890 1148 2959 fuistis
1159 2889 1308 2960 jucundati
1316 2885 1336 2936 ti
1379 2962 1381 2969 Ι

152 2990 388 3042 inmortuorum
397 2989 611 3052 suscitatione,
621 3001 784 3042 caecorum
794 2989 1038 3057 attaminatione,
1048 2992 1198 3047 debilium
1208 2990 1333 3048 curnam,
1345 2973 1363 3024 ¹⁵
1377 3010 1381 3091 ⁴

152 3089 345 3153 leprosorum
366 3088 588 3140 emundatione
608 3089 673 3152 aas
694 3085 813 3154 famati
832 3087 941 3154 fuistis
964 3090 1196 3146 intercessione.
1217 3079 1334 3158 tenenti

151 3187 234 3239 vobis
247 3186 309 3237 ista
322 3186 427 3239 omnia
439 3204 448 3251 ,·
460 3186 545 3238 nobis
558 3199 628 3239 aero
643 3187 734 3239 liceat
747 3189 858 3240 saitem
878 3188 967 3240 itlius
985 3203 1071 3243 nnnc
1089 3205 1162 3245 assa
1180 3181 1333 3247 sacrmenti

149 3286 294 3349 retinere,
308 3287 343 3336 ut
361 3285 530 3349 miracuta,
550 3297 627 3350 quae
645 3284 679 3336 in
697 3286 807 3339 nestris
818 3287 966 3353 partibus
984 3289 1045 3342 Deo
1063 3292 1217 3358 torotente
1232 3279 1333 3344 tonitui
1378 3346 1381 3362 ,

152 3385 186 3435 in
197 3385 306 3436 nostra
319 3383 448 3436 ecelesia
466 3384 567 3448 insius
585 3383 760 3448 benianitas
780 3386 891 3438 amodo
912 3389 1041 3453 operari
1063 3390 1221 3456 dianetum
1242 3385 1333 3450 tunm

150 3484 243 3536 etiam
259 3485 344 3533 tanto
358 3482 453 3534 tutius
467 3483 501 3533 in
514 3485 622 3535 nostra
639 3483 768 3537 ecclesio
788 3484 964 3538 seruabitur
981 3491 1102 3553 quanto
1115 3493 1194 3556 ptus
1211 3501 1291 3558 mmm
1304 3462 1363 3533 iiim

151 3581 264 3635 tutiori
272 3580 453 3647 connascitis
467 3594 522 3633 nos
535 3582 599 3635 loeo
611 3583 807 3635 commorari.
822 3585 859 3636 At
872 3587 937 3636 tam
949 3584 1023 3639 bene
1034 3587 1069 3638 in
1082 3593 1193 3643 trustra
1214 3584 1338 3643 ammiti

150 3679 275 3732 clericis
288 3679 402 3730 nastris
416 3680 475 3730 Deo
484 3679 680 3744 propitiante
693 3679 777 3733 sieut
788 3681 822 3732 in
842 3685 946 3734 vestra
963 3684 1021 3749 ret,
1040 3688 1077 3736 ut
1095 3689 1260 3753 credimus,
1275 3679 1342 3736 muliss

151 3778 264 3830 metius
277 3776 483 3830 honorabitur
495 3792 532 3830 ae
544 3778 706 3831 servietur.
727 3781 765 3832 tu
789 3782 855 3833 hirec
877 3782 1065 3837 Floriucenses
1087 3784 1347 3854 respondeantur

154 3881 218 3928 runt
231 3892 238 3928 ι
259 3876 344 3928 Certe
356 3875 385 3927 si
396 3877 527 3929 eeclesia
540 3879 642 3930 uestra
655 3878 742 3931 rtobis
754 3884 849 3947 caput
863 3883 892 3932 et
904 3881 1035 3934 initium
1048 3880 1116 3949 fuit
1129 3890 1160 3939 et
1172 3887 1261 3940 abbas
1279 3883 1350 3936 batti

149 3974 302 4043 fundator
314 3978 439 4028 nostrae
452 3977 560 4028 doinus
569 3977 694 4031 eastitr't
706 3981 735 4030 et
744 3978 884 4031 abbatem
897 3994 992 4048 super
1005 3995 1062 4036 nos
1074 3988 1243 4041 coitstimit
1254 3971 1381 4054 eruta-i

150 4075 206 4127 aia
218 4077 247 4126 et
262 4077 364 4126 terras
376 4073 606 4142 nobisctonaait‚
616 4078 646 4127 et
655 4076 684 4128 si
691 4089 752 4143 pro
765 4081 868 4133 vestro
877 4080 1048 4148 priviteoio
1062 4088 1256 4141 monasterii
1263 4087 1360 4154 patrm

149 4176 292 4224 nostrum
305 4173 419 4239 cupitis
432 4174 604 4241 vindicare,
618 4176 726 4229 scitote
738 4177 813 4243 qaia
828 4178 861 4230 in
874 4181 974 4233 taedio
986 4182 1064 4235 sotis
1078 4185 1187 4252 radio,
1202 4188 1257 4241 ubi
1267 4197 1365 4242 ornnem

150 4271 301 4321 munaum
314 4272 478 4324 cottectum
490 4275 659 4340 conspexit,
674 4276 799 4328 nattum
811 4276 914 4330 atium
927 4278 1031 4332 iocum
1043 4281 1088 4332 aa
1105 4283 1171 4335 sibi
1189 4285 1369 4340 smiendun

151 4367 214 4418 nist¹
223 4367 412 4434 Florianum,
424 4373 458 4420 ut
470 4371 636 4439 credimus,
651 4373 752 4438 eteoit,
772 4374 825 4426 ubi
831 4387 892 4441 per
904 4377 1006 4429 multa
1019 4378 1191 4436 miracuta
1208 4389 1240 4439 et
1257 4387 1374 4440 visiones

150 4466 276 4531 multas,
287 4467 369 4520 sieut
378 4469 640 4535 evidenterpatet,
652 4475 820 4538 apportari
829 4476 928 4529 notuit
936 4479 966 4530 et
975 4475 1135 4532 honorari
1143 4495 1165 4534 a
1175 4485 1279 4551 rtobis,
1288 4499 1377 4554 quemn·

150 4563 199 4614 vis
211 4565 305 4618 etiam
311 4567 527 4632 peccatoribus
537 4571 566 4621 et
577 4570 716 4636 indimus
730 4574 821 4639 :attia
831 4576 860 4626 si
870 4575 903 4627 in
912 4578 1109 4644 nostratibus
1118 4593 1224 4645 quam
1238 4587 1381 4640 incerere
