<?xml version="1.0" encoding="UTF-8"?>
<!DOCTYPE html PUBLIC "-//W3C//DTD XHTML 1.0 Transitional//EN"
    "http://www.w3.org/TR/xhtml1/DTD/xhtml1-transitional.dtd">
<html xmlns="http://www.w3.org/1999/xhtml" xml:lang="en" lang="en">
 <head>
  <title>
</title>
<meta http-equiv="Content-Type" content="text/html;charset=utf-8" />
  <meta name='ocr-system' content='tesseract 3.04.00' />
  <meta name='ocr-capabilities' content='ocr_page ocr_carea ocr_par ocr_line ocrx_word'/>
</head>
<body>
  <div class='ocr_page' id='page_1' title='image "./cataloguscodicu00manugoog_0307.png"; bbox 0 0 3076 5498; ppageno 0'>
   <div class='ocr_carea' id='block_1_1' title="bbox 147 306 1033 374">
    <p class='ocr_par' dir='ltr' id='par_1_1' title="bbox 147 306 1033 374">
     <span class='ocr_line' id='line_1_1' title="bbox 147 306 1033 374; baseline -0.001 -3"><span class='ocrx_word' id='word_1_1' title='bbox 147 306 214 372; x_wconf 81' lang='grc'>294</span> <span class='ocrx_word' id='word_1_2' title='bbox 488 322 614 374; x_wconf 72' lang='lat' dir='ltr'>cartu.</span> <span class='ocrx_word' id='word_1_3' title='bbox 635 322 737 373; x_wconf 89' lang='lat' dir='ltr'>oooo.</span> <span class='ocrx_word' id='word_1_4' title='bbox 756 321 931 372; x_wconf 73' lang='lat' dir='ltr'>moroan.</span> <span class='ocrx_word' id='word_1_5' title='bbox 952 321 1033 374; x_wconf 79' lang='lat' dir='ltr'>utu.</span> 
     </span>
    </p>
   </div>
   <div class='ocr_carea' id='block_1_2' title="bbox 147 490 1328 856">
    <p class='ocr_par' dir='ltr' id='par_1_2' title="bbox 147 490 1328 856">
     <span class='ocr_line' id='line_1_2' title="bbox 149 490 1326 559; baseline -0.005 -15"><span class='ocrx_word' id='word_1_6' title='bbox 149 492 208 557; x_wconf 88' lang='lat' dir='ltr'>ejus</span> <span class='ocrx_word' id='word_1_7' title='bbox 220 492 254 544; x_wconf 88' lang='lat' dir='ltr'>ad</span> <span class='ocrx_word' id='word_1_8' title='bbox 267 493 464 544; x_wconf 89' lang='lat' dir='ltr'>monasterium</span> <span class='ocrx_word' id='word_1_9' title='bbox 477 490 698 545; x_wconf 78' lang='lat' dir='ltr'>Praedicatorurn</span> <span class='ocrx_word' id='word_1_10' title='bbox 722 490 827 559; x_wconf 79' lang='lat' dir='ltr'>regium</span> <span class='ocrx_word' id='word_1_11' title='bbox 848 493 939 544; x_wconf 83' lang='lat' dir='ltr'>Sancti</span> <span class='ocrx_word' id='word_1_12' title='bbox 960 492 1101 544; x_wconf 88' lang='lat' dir='ltr'>llaximini</span> <span class='ocrx_word' id='word_1_13' title='bbox 1123 492 1237 553; x_wconf 77' lang='lat' dir='ltr'>advenit,</span> <span class='ocrx_word' id='word_1_14' title='bbox 1252 490 1326 543; x_wconf 83' lang='lat' dir='ltr'>rotisn</span> 
     </span>
     <span class='ocr_line' id='line_1_3' title="bbox 147 590 1325 658; baseline -0.003 -15"><span class='ocrx_word' id='word_1_15' title='bbox 147 604 196 655; x_wconf 84' lang='lat' dir='ltr'>pro</span> <span class='ocrx_word' id='word_1_16' title='bbox 208 591 307 643; x_wconf 90' lang='lat' dir='ltr'>collato</span> <span class='ocrx_word' id='word_1_17' title='bbox 320 605 436 644; x_wconf 90' lang='lat' dir='ltr'>munere</span> <span class='ocrx_word' id='word_1_18' title='bbox 449 591 531 643; x_wconf 84' lang='lat' dir='ltr'>fidem</span> <span class='ocrx_word' id='word_1_19' title='bbox 545 590 664 657; x_wconf 89' lang='lat' dir='ltr'>implens</span> <span class='ocrx_word' id='word_1_20' title='bbox 684 598 712 642; x_wconf 88' lang='lat' dir='ltr'>et</span> <span class='ocrx_word' id='word_1_21' title='bbox 732 604 824 644; x_wconf 89' lang='lat' dir='ltr'>coram</span> <span class='ocrx_word' id='word_1_22' title='bbox 843 591 1026 643; x_wconf 85' lang='lat' dir='ltr'>sacratissimo</span> <span class='ocrx_word' id='word_1_23' title='bbox 1038 603 1155 656; x_wconf 88' lang='lat' dir='ltr'>corpore</span> <span class='ocrx_word' id='word_1_24' title='bbox 1167 590 1325 658; x_wconf 72' lang='lat' dir='ltr'>agensgntias,</span> 
     </span>
     <span class='ocr_line' id='line_1_4' title="bbox 148 688 1327 755; baseline -0.001 -17"><span class='ocrx_word' id='word_1_25' title='bbox 148 688 238 752; x_wconf 89' lang='lat' dir='ltr'>priore</span> <span class='ocrx_word' id='word_1_26' title='bbox 252 695 277 740; x_wconf 90' lang='lat' dir='ltr'>et</span> <span class='ocrx_word' id='word_1_27' title='bbox 290 697 427 741; x_wconf 88' lang='lat' dir='ltr'>conventu</span> <span class='ocrx_word' id='word_1_28' title='bbox 440 690 633 754; x_wconf 87' lang='lat' dir='ltr'>praesentibus</span> <span class='ocrx_word' id='word_1_29' title='bbox 646 688 796 755; x_wconf 79' lang='lat' dir='ltr'>multisque</span> <span class='ocrx_word' id='word_1_30' title='bbox 808 689 870 742; x_wconf 88' lang='lat' dir='ltr'>aliis</span> <span class='ocrx_word' id='word_1_31' title='bbox 882 689 1034 741; x_wconf 85' lang='lat' dir='ltr'>astantibus</span> <span class='ocrx_word' id='word_1_32' title='bbox 1046 701 1096 742; x_wconf 91' lang='lat' dir='ltr'>suo</span> <span class='ocrx_word' id='word_1_33' title='bbox 1104 690 1252 754; x_wconf 88' lang='lat' dir='ltr'>juramento</span> <span class='ocrx_word' id='word_1_34' title='bbox 1262 699 1327 739; x_wconf 86' lang='lat' dir='ltr'>neno</span> 
     </span>
     <span class='ocr_line' id='line_1_5' title="bbox 147 786 1328 856; baseline -0.003 -16"><span class='ocrx_word' id='word_1_35' title='bbox 147 792 205 840; x_wconf 88' lang='lat' dir='ltr'>rata</span> <span class='ocrx_word' id='word_1_36' title='bbox 218 786 344 854; x_wconf 82' lang='lat' dir='ltr'>firmavit,</span> <span class='ocrx_word' id='word_1_37' title='bbox 356 802 388 841; x_wconf 89' lang='lat' dir='ltr'>ca</span> <span class='ocrx_word' id='word_1_38' title='bbox 401 790 584 854; x_wconf 84' lang='lat' dir='ltr'>comprobans</span> <span class='ocrx_word' id='word_1_39' title='bbox 607 789 769 841; x_wconf 89' lang='lat' dir='ltr'>testimoniis</span> <span class='ocrx_word' id='word_1_40' title='bbox 791 788 844 841; x_wconf 85' lang='lat' dir='ltr'>tide</span> <span class='ocrx_word' id='word_1_41' title='bbox 864 788 964 856; x_wconf 79' lang='lat' dir='ltr'>dignis,</span> <span class='ocrx_word' id='word_1_42' title='bbox 978 801 1051 841; x_wconf 89' lang='lat' dir='ltr'>anno</span> <span class='ocrx_word' id='word_1_43' title='bbox 1072 790 1209 855; x_wconf 78' lang='lat' dir='ltr'>praesenti</span> <span class='ocrx_word' id='word_1_44' title='bbox 1226 788 1328 840; x_wconf 82' lang='lat' dir='ltr'>millesimo</span> 
     </span>
    </p>
   </div>
   <div class='ocr_carea' id='block_1_3' title="bbox 43 875 1396 955">
    <p class='ocr_par' dir='ltr' id='par_1_3' title="bbox 43 875 1396 955">
     <span class='ocr_line' id='line_1_6' title="bbox 43 875 1396 955; baseline -0.002 -17"><span class='ocrx_word' id='word_1_45' title='bbox 43 904 52 915; x_wconf 90' lang='lat'><strong>·</strong></span> <span class='ocrx_word' id='word_1_46' title='bbox 147 888 341 940; x_wconf 90' lang='lat' dir='ltr'>trecentesimo</span> <span class='ocrx_word' id='word_1_47' title='bbox 361 889 589 955; x_wconf 77' lang='lat' dir='ltr'>quinquagesimo</span> <span class='ocrx_word' id='word_1_48' title='bbox 611 890 708 955; x_wconf 85' lang='lat' dir='ltr'>quinto</span> <span class='ocrx_word' id='word_1_49' title='bbox 729 889 875 941; x_wconf 85' lang='lat' dir='ltr'>nativitatis</span> <span class='ocrx_word' id='word_1_50' title='bbox 895 890 1062 953; x_wconf 75' lang='lat' dir='ltr'>bominibus,</span> <span class='ocrx_word' id='word_1_51' title='bbox 1085 889 1228 942; x_wconf 89' lang='lat' dir='ltr'>undecimo</span> <span class='ocrx_word' id='word_1_52' title='bbox 1239 885 1347 941; x_wconf 75' lang='lat' dir='ltr'>intentas</span> <span class='ocrx_word' id='word_1_53' title='bbox 1394 875 1396 879; x_wconf 71' lang='grc'>’</span> 
     </span>
    </p>
   </div>
   <div class='ocr_carea' id='block_1_4' title="bbox 146 979 1398 1435">
    <p class='ocr_par' dir='ltr' id='par_1_4' title="bbox 146 979 1398 1435">
     <span class='ocr_line' id='line_1_7' title="bbox 147 979 1398 1055; baseline -0.002 -17"><span class='ocrx_word' id='word_1_54' title='bbox 147 988 265 1053; x_wconf 79' lang='lat' dir='ltr'>augusti,</span> <span class='ocrx_word' id='word_1_55' title='bbox 290 986 448 1040; x_wconf 76' lang='lat' dir='ltr'>indictionis</span> <span class='ocrx_word' id='word_1_56' title='bbox 471 994 592 1040; x_wconf 73' lang='lat' dir='ltr'>octavae.</span> <span class='ocrx_word' id='word_1_57' title='bbox 613 989 697 1054; x_wconf 72' lang='lat' dir='ltr'>cuius</span> <span class='ocrx_word' id='word_1_58' title='bbox 717 988 845 1054; x_wconf 84' lang='lat' dir='ltr'>exemplo</span> <span class='ocrx_word' id='word_1_59' title='bbox 866 988 1007 1041; x_wconf 85' lang='lat' dir='ltr'>humiliter</span> <span class='ocrx_word' id='word_1_60' title='bbox 1024 989 1210 1054; x_wconf 79' lang='lat' dir='ltr'>supplicemus</span> <span class='ocrx_word' id='word_1_61' title='bbox 1235 993 1328 1040; x_wconf 85' lang='lat' dir='ltr'>utuost</span> <span class='ocrx_word' id='word_1_62' title='bbox 1395 979 1398 1055; x_wconf 38' lang='grc' dir='ltr'>ᾗ</span> 
     </span>
     <span class='ocr_line' id='line_1_8' title="bbox 147 1078 1398 1154; baseline -0.003 -18"><span class='ocrx_word' id='word_1_63' title='bbox 147 1086 244 1151; x_wconf 76' lang='lat' dir='ltr'>sagitta</span> <span class='ocrx_word' id='word_1_64' title='bbox 259 1099 403 1150; x_wconf 84' lang='lat' dir='ltr'>percussos</span> <span class='ocrx_word' id='word_1_65' title='bbox 416 1093 441 1138; x_wconf 90' lang='lat' dir='ltr'>et</span> <span class='ocrx_word' id='word_1_66' title='bbox 454 1088 488 1138; x_wconf 92' lang='lat' dir='ltr'>ab</span> <span class='ocrx_word' id='word_1_67' title='bbox 502 1086 603 1139; x_wconf 88' lang='lat' dir='ltr'>inierni</span> <span class='ocrx_word' id='word_1_68' title='bbox 625 1087 779 1139; x_wconf 81' lang='lat' dir='ltr'>latronibus</span> <span class='ocrx_word' id='word_1_69' title='bbox 791 1087 876 1154; x_wconf 81' lang='lat' dir='ltr'>plagis</span> <span class='ocrx_word' id='word_1_70' title='bbox 889 1087 1026 1153; x_wconf 90' lang='lat' dir='ltr'>impositis</span> <span class='ocrx_word' id='word_1_71' title='bbox 1042 1089 1190 1140; x_wconf 80' lang='lat' dir='ltr'>semivivos</span> <span class='ocrx_word' id='word_1_72' title='bbox 1202 1089 1226 1139; x_wconf 94' lang='lat' dir='ltr'>in</span> <span class='ocrx_word' id='word_1_73' title='bbox 1233 1088 1267 1138; x_wconf 82' lang='lat' dir='ltr'>via</span> <span class='ocrx_word' id='word_1_74' title='bbox 1276 1085 1329 1148; x_wconf 82' lang='lat' dir='ltr'>hujus</span> <span class='ocrx_word' id='word_1_75' title='bbox 1392 1078 1398 1085; x_wconf 66' lang='lat'>‘&#39;</span> 
     </span>
     <span class='ocr_line' id='line_1_9' title="bbox 147 1183 1329 1253; baseline -0.003 -18"><span class='ocrx_word' id='word_1_76' title='bbox 147 1185 374 1250; x_wconf 78' lang='lat' dir='ltr'>peregrinationis</span> <span class='ocrx_word' id='word_1_77' title='bbox 397 1186 506 1238; x_wconf 89' lang='lat' dir='ltr'>relictos</span> <span class='ocrx_word' id='word_1_78' title='bbox 518 1185 552 1238; x_wconf 92' lang='lat' dir='ltr'>ad</span> <span class='ocrx_word' id='word_1_79' title='bbox 575 1187 712 1238; x_wconf 88' lang='lat' dir='ltr'>stabulum</span> <span class='ocrx_word' id='word_1_80' title='bbox 733 1186 842 1238; x_wconf 83' lang='lat' dir='ltr'>deferre</span> <span class='ocrx_word' id='word_1_81' title='bbox 868 1187 1006 1239; x_wconf 78' lang='lat' dir='ltr'>Ecclesiae</span> <span class='ocrx_word' id='word_1_82' title='bbox 1031 1187 1232 1253; x_wconf 87' lang='lat' dir='ltr'>triumphantis,</span> <span class='ocrx_word' id='word_1_83' title='bbox 1244 1183 1329 1251; x_wconf 83' lang='lat' dir='ltr'>precibus</span> 
     </span>
     <span class='ocr_line' id='line_1_10' title="bbox 146 1273 1398 1364; baseline -0.002 -31"><span class='ocrx_word' id='word_1_84' title='bbox 146 1282 303 1345; x_wconf 80' lang='lat' dir='ltr'>dilectricis,</span> <span class='ocrx_word' id='word_1_85' title='bbox 330 1285 611 1364; x_wconf 15' lang='lat' dir='ltr'>verushsamaritanus</span> <span class='ocrx_word' id='word_1_86' title='bbox 631 1284 760 1350; x_wconf 75' lang='lat' dir='ltr'>dignetur</span> <span class='ocrx_word' id='word_1_87' title='bbox 772 1289 934 1351; x_wconf 83' lang='lat' dir='ltr'>regnaturos</span> <span class='ocrx_word' id='word_1_88' title='bbox 952 1298 1001 1350; x_wconf 89' lang='lat' dir='ltr'>per</span> <span class='ocrx_word' id='word_1_89' title='bbox 1015 1285 1110 1338; x_wconf 90' lang='lat' dir='ltr'>omnia</span> <span class='ocrx_word' id='word_1_90' title='bbox 1128 1279 1326 1337; x_wconf 84' lang='lat' dir='ltr'>saeculasaceub·</span> <span class='ocrx_word' id='word_1_91' title='bbox 1397 1273 1398 1296; x_wconf 79' lang='lat'><em>³</em></span> 
     </span>
     <span class='ocr_line' id='line_1_11' title="bbox 148 1373 1398 1435; baseline -0.001 -1"><span class='ocrx_word' id='word_1_92' title='bbox 148 1385 329 1435; x_wconf 78' lang='lat' dir='ltr'>rumdmen.</span> <span class='ocrx_word' id='word_1_93' title='bbox 1339 1373 1357 1424; x_wconf 75' lang='lat'>¹⁰</span> <span class='ocrx_word' id='word_1_94' title='bbox 1395 1389 1398 1394; x_wconf 88' lang='grc'><em>·</em></span> 
     </span>
    </p>
   </div>
   <div class='ocr_carea' id='block_1_5' title="bbox 309 1825 1222 1938">
    <p class='ocr_par' dir='ltr' id='par_1_5' title="bbox 309 1825 1222 1938">
     <span class='ocr_line' id='line_1_12' title="bbox 309 1825 1222 1938; baseline 0.005 -26"><span class='ocrx_word' id='word_1_95' title='bbox 309 1825 511 1916; x_wconf 80' lang='lat' dir='ltr'><strong>DGLXIX.</strong></span> <span class='ocrx_word' id='word_1_96' title='bbox 544 1826 670 1914; x_wconf 83' lang='lat' dir='ltr'>(lodex</span> <span class='ocrx_word' id='word_1_97' title='bbox 699 1827 890 1938; x_wconf 82' lang='lat' dir='ltr'>signatus</span> <span class='ocrx_word' id='word_1_98' title='bbox 921 1852 1035 1917; x_wconf 91' lang='lat' dir='ltr'>num.</span> <span class='ocrx_word' id='word_1_99' title='bbox 1071 1827 1222 1917; x_wconf 85' lang='lat'>15032.</span> 
     </span>
    </p>
   </div>
   <div class='ocr_carea' id='block_1_6' title="bbox 152 2035 1331 2300">
    <p class='ocr_par' dir='ltr' id='par_1_6' title="bbox 152 2035 1331 2300">
     <span class='ocr_line' id='line_1_13' title="bbox 183 2035 471 2089; baseline -0.003 -1"><span class='ocrx_word' id='word_1_100' title='bbox 183 2035 253 2088; x_wconf 87' lang='lat' dir='ltr'>Olim</span> <span class='ocrx_word' id='word_1_101' title='bbox 265 2037 397 2088; x_wconf 87' lang='lat' dir='ltr'>San-vict.</span> <span class='ocrx_word' id='word_1_102' title='bbox 412 2039 471 2089; x_wconf 75' lang='lat' dir='ltr'>tut.</span> 
     </span>
     <span class='ocr_line' id='line_1_14' title="bbox 184 2125 1331 2205; baseline -0.003 -19"><span class='ocrx_word' id='word_1_103' title='bbox 184 2135 320 2188; x_wconf 80' lang='lat' dir='ltr'>loliorum</span> <span class='ocrx_word' id='word_1_104' title='bbox 336 2137 383 2187; x_wconf 79' lang='lat' dir='ltr'>tat</span> <span class='ocrx_word' id='word_1_105' title='bbox 398 2137 517 2200; x_wconf 82' lang='lat' dir='ltr'>(praeter</span> <span class='ocrx_word' id='word_1_106' title='bbox 538 2136 685 2189; x_wconf 86' lang='lat' dir='ltr'>insiticium</span> <span class='ocrx_word' id='word_1_107' title='bbox 707 2151 794 2190; x_wconf 92' lang='lat' dir='ltr'>unum</span> <span class='ocrx_word' id='word_1_108' title='bbox 815 2137 843 2189; x_wconf 92' lang='lat' dir='ltr'>in</span> <span class='ocrx_word' id='word_1_109' title='bbox 864 2139 972 2204; x_wconf 88' lang='lat' dir='ltr'>capite),</span> <span class='ocrx_word' id='word_1_110' title='bbox 995 2138 1062 2190; x_wconf 88' lang='lat' dir='ltr'>min.</span> <span class='ocrx_word' id='word_1_111' title='bbox 1082 2125 1331 2205; x_wconf 50' lang='lat' dir='ltr'>(onaaxoltplneis</span> 
     </span>
     <span class='ocr_line' id='line_1_15' title="bbox 152 2233 522 2300; baseline 0.005 -16"><span class='ocrx_word' id='word_1_112' title='bbox 152 2233 250 2300; x_wconf 81' lang='lat' dir='ltr'>plenis,</span> <span class='ocrx_word' id='word_1_113' title='bbox 265 2242 392 2286; x_wconf 86' lang='lat' dir='ltr'>exaratus</span> <span class='ocrx_word' id='word_1_114' title='bbox 405 2247 477 2286; x_wconf 90' lang='lat' dir='ltr'>saec.</span> <span class='ocrx_word' id='word_1_115' title='bbox 492 2237 522 2287; x_wconf 86' lang='lat' dir='ltr'>x.</span> 
     </span>
    </p>
   </div>
   <div class='ocr_carea' id='block_1_7' title="bbox 248 2331 1331 2571">
    <p class='ocr_par' dir='ltr' id='par_1_7' title="bbox 248 2331 1331 2571">
     <span class='ocr_line' id='line_1_16' title="bbox 252 2331 1331 2443; baseline 0.01 -29"><span class='ocrx_word' id='word_1_116' title='bbox 252 2340 289 2413; x_wconf 88' lang='lat' dir='ltr'>l⁰</span> <span class='ocrx_word' id='word_1_117' title='bbox 307 2340 481 2440; x_wconf 82' lang='lat' dir='ltr'>[Sulpicii</span> <span class='ocrx_word' id='word_1_118' title='bbox 498 2340 628 2419; x_wconf 86' lang='lat' dir='ltr'>Severi</span> <span class='ocrx_word' id='word_1_119' title='bbox 648 2343 793 2443; x_wconf 87' lang='lat' dir='ltr'>scripta</span> <span class='ocrx_word' id='word_1_120' title='bbox 808 2342 857 2419; x_wconf 93' lang='lat' dir='ltr'>de</span> <span class='ocrx_word' id='word_1_121' title='bbox 872 2341 910 2418; x_wconf 85' lang='lat' dir='ltr'>S.</span> <span class='ocrx_word' id='word_1_122' title='bbox 925 2341 1105 2442; x_wconf 82' lang='lat' dir='ltr'>Martino]</span> <span class='ocrx_word' id='word_1_123' title='bbox 1120 2341 1198 2441; x_wconf 85' lang='lat' dir='ltr'>(iol.</span> <span class='ocrx_word' id='word_1_124' title='bbox 1216 2331 1331 2424; x_wconf 65' lang='lat' dir='ltr'>tt-tll&#39;</span> 
     </span>
     <span class='ocr_line' id='line_1_17' title="bbox 248 2466 1225 2571; baseline 0.007 -31"><span class='ocrx_word' id='word_1_125' title='bbox 248 2466 288 2540; x_wconf 67' lang='lat'>20</span> <span class='ocrx_word' id='word_1_126' title='bbox 306 2467 595 2567; x_wconf 75' lang='lat' dir='ltr'>[inscriptiones</span> <span class='ocrx_word' id='word_1_127' title='bbox 610 2470 660 2546; x_wconf 92' lang='lat' dir='ltr'>de</span> <span class='ocrx_word' id='word_1_128' title='bbox 679 2469 716 2546; x_wconf 93' lang='lat' dir='ltr'>S.</span> <span class='ocrx_word' id='word_1_129' title='bbox 734 2469 909 2571; x_wconf 82' lang='lat' dir='ltr'>Martino}</span> <span class='ocrx_word' id='word_1_130' title='bbox 926 2470 1003 2570; x_wconf 80' lang='lat' dir='ltr'>(fol.</span> <span class='ocrx_word' id='word_1_131' title='bbox 1026 2469 1225 2569; x_wconf 69' lang='lat'>53‘-56&#39;).*</span> 
     </span>
    </p>
   </div>
   <div class='ocr_carea' id='block_1_8' title="bbox 184 2591 1394 3162">
    <p class='ocr_par' dir='ltr' id='par_1_8' title="bbox 184 2591 1393 2915">
     <span class='ocr_line' id='line_1_18' title="bbox 184 2591 604 2658; baseline 0.012 -17"><span class='ocrx_word' id='word_1_132' title='bbox 184 2591 250 2642; x_wconf 83' lang='lat' dir='ltr'>Cum</span> <span class='ocrx_word' id='word_1_133' title='bbox 264 2591 449 2658; x_wconf 87' lang='lat' dir='ltr'>descriptione</span> <span class='ocrx_word' id='word_1_134' title='bbox 463 2593 604 2646; x_wconf 83' lang='lat' dir='ltr'>basilicae.</span> 
     </span>
     <span class='ocr_line' id='line_1_19' title="bbox 250 2689 1393 2799; baseline -0.003 -33"><span class='ocrx_word' id='word_1_135' title='bbox 250 2689 290 2766; x_wconf 88' lang='lat'>3⁰</span> <span class='ocrx_word' id='word_1_136' title='bbox 308 2690 391 2766; x_wconf 80' lang='lat' dir='ltr'>Vita</span> <span class='ocrx_word' id='word_1_137' title='bbox 409 2692 531 2769; x_wconf 85' lang='lat' dir='ltr'>sancti</span> <span class='ocrx_word' id='word_1_138' title='bbox 558 2715 602 2769; x_wconf 87' lang='lat' dir='ltr'>ac</span> <span class='ocrx_word' id='word_1_139' title='bbox 620 2692 836 2771; x_wconf 86' lang='lat' dir='ltr'>beatissimi</span> <span class='ocrx_word' id='word_1_140' title='bbox 868 2694 1009 2771; x_wconf 89' lang='lat' dir='ltr'>Briccii</span> <span class='ocrx_word' id='word_1_141' title='bbox 1038 2693 1215 2796; x_wconf 87' lang='lat' dir='ltr'>episcopi</span> <span class='ocrx_word' id='word_1_142' title='bbox 1231 2697 1332 2768; x_wconf 84' lang='lat' dir='ltr'>elcut·</span> <span class='ocrx_word' id='word_1_143' title='bbox 1390 2794 1393 2799; x_wconf 18' lang='grc' dir='ltr'>Ι</span> 
     </span>
     <span class='ocr_line' id='line_1_20' title="bbox 298 2813 763 2915; baseline 0.011 -29"><span class='ocrx_word' id='word_1_144' title='bbox 298 2813 454 2891; x_wconf 79' lang='lat' dir='ltr'>sessoris</span> <span class='ocrx_word' id='word_1_145' title='bbox 472 2815 549 2913; x_wconf 85' lang='lat' dir='ltr'>(fol.</span> <span class='ocrx_word' id='word_1_146' title='bbox 572 2815 763 2915; x_wconf 63' lang='lat' dir='ltr'>5ls-58‘&#39;).*</span> 
     </span>
    </p>

    <p class='ocr_par' dir='ltr' id='par_1_9' title="bbox 250 2936 1394 3162">
     <span class='ocr_line' id='line_1_21' title="bbox 250 2936 1394 3042; baseline 0.003 -32"><span class='ocrx_word' id='word_1_147' title='bbox 250 2936 289 3010; x_wconf 75' lang='lat'>4⁰</span> <span class='ocrx_word' id='word_1_148' title='bbox 306 2936 504 3036; x_wconf 83' lang='lat' dir='ltr'>[Excerpta</span> <span class='ocrx_word' id='word_1_149' title='bbox 523 2962 570 3015; x_wconf 84' lang='lat' dir='ltr'>ex</span> <span class='ocrx_word' id='word_1_150' title='bbox 590 2939 777 3039; x_wconf 82' lang='lat' dir='ltr'>Gregorio</span> <span class='ocrx_word' id='word_1_151' title='bbox 796 2940 1013 3018; x_wconf 88' lang='lat' dir='ltr'>Turonensi</span> <span class='ocrx_word' id='word_1_152' title='bbox 1034 2941 1085 3018; x_wconf 92' lang='lat' dir='ltr'>de</span> <span class='ocrx_word' id='word_1_153' title='bbox 1104 2941 1228 3042; x_wconf 76' lang='lat' dir='ltr'>gloria</span> <span class='ocrx_word' id='word_1_154' title='bbox 1242 2936 1332 3039; x_wconf 79' lang='lat' dir='ltr'>posit·</span> <span class='ocrx_word' id='word_1_155' title='bbox 1390 2996 1394 3003; x_wconf 79' lang='grc'><strong>.</strong></span> 
     </span>
     <span class='ocr_line' id='line_1_22' title="bbox 299 3059 909 3162; baseline 0.01 -29"><span class='ocrx_word' id='word_1_156' title='bbox 299 3081 360 3134; x_wconf 87' lang='lat' dir='ltr'>ma</span> <span class='ocrx_word' id='word_1_157' title='bbox 380 3060 416 3135; x_wconf 88' lang='lat' dir='ltr'>S.</span> <span class='ocrx_word' id='word_1_158' title='bbox 438 3059 603 3162; x_wconf 82' lang='lat' dir='ltr'>Martini]</span> <span class='ocrx_word' id='word_1_159' title='bbox 620 3062 696 3160; x_wconf 80' lang='lat' dir='ltr'>(fol.</span> <span class='ocrx_word' id='word_1_160' title='bbox 719 3062 909 3157; x_wconf 68' lang='lat' dir='ltr'>abdat*</span> 
     </span>
    </p>
   </div>
   <div class='ocr_carea' id='block_1_9' title="bbox 248 3195 1095 3303">
    <p class='ocr_par' dir='ltr' id='par_1_10' title="bbox 248 3195 1095 3303">
     <span class='ocr_line' id='line_1_23' title="bbox 248 3195 1095 3303; baseline 0.011 -33"><span class='ocrx_word' id='word_1_161' title='bbox 248 3195 288 3270; x_wconf 85' lang='lat'>5⁰</span> <span class='ocrx_word' id='word_1_162' title='bbox 305 3196 400 3296; x_wconf 85' lang='lat' dir='ltr'>[Vita</span> <span class='ocrx_word' id='word_1_163' title='bbox 419 3200 541 3276; x_wconf 85' lang='lat' dir='ltr'>sancti</span> <span class='ocrx_word' id='word_1_164' title='bbox 561 3201 773 3302; x_wconf 85' lang='lat' dir='ltr'>Benedicti]</span> <span class='ocrx_word' id='word_1_165' title='bbox 791 3201 868 3301; x_wconf 83' lang='lat' dir='ltr'>(fol.</span> <span class='ocrx_word' id='word_1_166' title='bbox 892 3201 1095 3303; x_wconf 40' lang='lat' dir='ltr'>ult-87¹?</span> 
     </span>
    </p>
   </div>
   <div class='ocr_carea' id='block_1_10' title="bbox 337 3671 1195 3783">
    <p class='ocr_par' dir='ltr' id='par_1_11' title="bbox 337 3671 1195 3783">
     <span class='ocr_line' id='line_1_24' title="bbox 337 3671 1195 3783; baseline 0.012 -24"><span class='ocrx_word' id='word_1_167' title='bbox 337 3671 517 3762; x_wconf 81' lang='lat' dir='ltr'><strong>DOLXX.</strong></span> <span class='ocrx_word' id='word_1_168' title='bbox 541 3673 667 3762; x_wconf 84' lang='lat' dir='ltr'>(lodex</span> <span class='ocrx_word' id='word_1_169' title='bbox 687 3674 877 3783; x_wconf 78' lang='lat' dir='ltr'>signatus</span> <span class='ocrx_word' id='word_1_170' title='bbox 898 3702 1013 3768; x_wconf 89' lang='lat' dir='ltr'>num.</span> <span class='ocrx_word' id='word_1_171' title='bbox 1039 3678 1195 3769; x_wconf 83' lang='grc'><strong>15033.</strong></span> 
     </span>
    </p>
   </div>
   <div class='ocr_carea' id='block_1_11' title="bbox 185 3879 472 3935">
    <p class='ocr_par' dir='ltr' id='par_1_12' title="bbox 185 3879 472 3935">
     <span class='ocr_line' id='line_1_25' title="bbox 185 3879 472 3935; baseline 0.021 -6"><span class='ocrx_word' id='word_1_172' title='bbox 185 3879 253 3930; x_wconf 90' lang='lat' dir='ltr'>Olim</span> <span class='ocrx_word' id='word_1_173' title='bbox 263 3883 399 3933; x_wconf 85' lang='lat' dir='ltr'>San-liet.</span> <span class='ocrx_word' id='word_1_174' title='bbox 413 3885 472 3935; x_wconf 76' lang='lat' dir='ltr'>lili.</span> 
     </span>
    </p>
   </div>
   <div class='ocr_carea' id='block_1_12' title="bbox 184 3977 1365 4048">
    <p class='ocr_par' dir='ltr' id='par_1_13' title="bbox 184 3977 1365 4048">
     <span class='ocr_line' id='line_1_26' title="bbox 184 3977 1365 4048; baseline 0.008 -23"><span class='ocrx_word' id='word_1_175' title='bbox 184 3977 318 4029; x_wconf 75' lang='lat' dir='ltr'>loliorum</span> <span class='ocrx_word' id='word_1_176' title='bbox 336 3981 385 4030; x_wconf 67' lang='lat'>245</span> <span class='ocrx_word' id='word_1_177' title='bbox 405 3983 531 4046; x_wconf 85' lang='lat' dir='ltr'>(quorum</span> <span class='ocrx_word' id='word_1_178' title='bbox 552 3985 643 4048; x_wconf 87' lang='lat' dir='ltr'>priora</span> <span class='ocrx_word' id='word_1_179' title='bbox 663 3987 696 4037; x_wconf 72' lang='lat'>20</span> <span class='ocrx_word' id='word_1_180' title='bbox 716 3986 805 4039; x_wconf 86' lang='lat' dir='ltr'>excisa</span> <span class='ocrx_word' id='word_1_181' title='bbox 819 3992 894 4048; x_wconf 81' lang='lat' dir='ltr'>sunt,</span> <span class='ocrx_word' id='word_1_182' title='bbox 914 3993 942 4040; x_wconf 89' lang='lat' dir='ltr'>et</span> <span class='ocrx_word' id='word_1_183' title='bbox 958 3999 1057 4040; x_wconf 87' lang='lat' dir='ltr'>eorum</span> <span class='ocrx_word' id='word_1_184' title='bbox 1073 3988 1138 4042; x_wconf 89' lang='lat' dir='ltr'>loco</span> <span class='ocrx_word' id='word_1_185' title='bbox 1151 3987 1276 4042; x_wconf 88' lang='lat' dir='ltr'>additum</span> <span class='ocrx_word' id='word_1_186' title='bbox 1289 3983 1365 4039; x_wconf 82' lang='lat' dir='ltr'>lolium</span> 
     </span>
    </p>
   </div>
   <div class='ocr_carea' id='block_1_13' title="bbox 151 4075 1368 4238">
    <p class='ocr_par' dir='ltr' id='par_1_14' title="bbox 151 4075 1368 4238">
     <span class='ocr_line' id='line_1_27' title="bbox 151 4075 1368 4154; baseline 0.017 -32"><span class='ocrx_word' id='word_1_187' title='bbox 151 4086 235 4124; x_wconf 77' lang='lat' dir='ltr'>tinum</span> <span class='ocrx_word' id='word_1_188' title='bbox 249 4075 417 4141; x_wconf 80' lang='lat' dir='ltr'>insiticium),</span> <span class='ocrx_word' id='word_1_189' title='bbox 432 4082 499 4133; x_wconf 91' lang='lat' dir='ltr'>min.</span> <span class='ocrx_word' id='word_1_190' title='bbox 513 4084 719 4149; x_wconf 53' lang='lat' dir='ltr'>(ammodo),</span> <span class='ocrx_word' id='word_1_191' title='bbox 733 4085 813 4138; x_wconf 90' lang='lat' dir='ltr'>lineis</span> <span class='ocrx_word' id='word_1_192' title='bbox 822 4084 924 4153; x_wconf 80' lang='lat' dir='ltr'>plenis,</span> <span class='ocrx_word' id='word_1_193' title='bbox 937 4093 1067 4140; x_wconf 82' lang='lat' dir='ltr'>exaratus</span> <span class='ocrx_word' id='word_1_194' title='bbox 1079 4088 1138 4153; x_wconf 87' lang='lat' dir='ltr'>(iol.</span> <span class='ocrx_word' id='word_1_195' title='bbox 1152 4090 1244 4154; x_wconf 65' lang='lat' dir='ltr'>Mi)</span> <span class='ocrx_word' id='word_1_196' title='bbox 1255 4082 1368 4142; x_wconf 60' lang='lat' dir='ltr'>saecli</span> 
     </span>
     <span class='ocr_line' id='line_1_28' title="bbox 151 4172 505 4238; baseline 0.028 -17"><span class='ocrx_word' id='word_1_197' title='bbox 151 4176 178 4221; x_wconf 90' lang='lat' dir='ltr'>et</span> <span class='ocrx_word' id='word_1_198' title='bbox 189 4172 246 4233; x_wconf 87' lang='lat' dir='ltr'>(iol.</span> <span class='ocrx_word' id='word_1_199' title='bbox 259 4175 344 4238; x_wconf 67' lang='lat' dir='ltr'>aiibi)</span> <span class='ocrx_word' id='word_1_200' title='bbox 356 4189 426 4230; x_wconf 84' lang='lat' dir='ltr'>saec.</span> <span class='ocrx_word' id='word_1_201' title='bbox 440 4181 505 4231; x_wconf 90' lang='lat' dir='ltr'>lllll.</span> 
     </span>
    </p>
   </div>
   <div class='ocr_carea' id='block_1_14' title="bbox 250 4270 1377 4501">
    <p class='ocr_par' dir='ltr' id='par_1_15' title="bbox 250 4270 1377 4501">
     <span class='ocr_line' id='line_1_29' title="bbox 250 4270 1377 4493; baseline 0.016 -150"><span class='ocrx_word' id='word_1_202' title='bbox 250 4270 287 4343; x_wconf 89' lang='lat' dir='ltr'>l⁰</span> <span class='ocrx_word' id='word_1_203' title='bbox 300 4272 522 4493; x_wconf 43' lang='lat' dir='ltr'>Vittffsaltngti</span> <span class='ocrx_word' id='word_1_204' title='bbox 542 4278 688 4355; x_wconf 83' lang='lat' dir='ltr'>Evurtii</span> <span class='ocrx_word' id='word_1_205' title='bbox 708 4282 881 4383; x_wconf 84' lang='lat' dir='ltr'>episcopi</span> <span class='ocrx_word' id='word_1_206' title='bbox 897 4291 936 4363; x_wconf 87' lang='lat' dir='ltr'>et</span> <span class='ocrx_word' id='word_1_207' title='bbox 948 4285 1192 4364; x_wconf 87' lang='lat' dir='ltr'>confessoris</span> <span class='ocrx_word' id='word_1_208' title='bbox 1210 4285 1377 4365; x_wconf 71' lang='lat' dir='ltr'>Aurelia-</span> 
     </span>
     <span class='ocr_line' id='line_1_30' title="bbox 297 4394 641 4501; baseline 0.029 -33"><span class='ocrx_word' id='word_1_209' title='bbox 297 4394 357 4472; x_wconf 91' lang='lat' dir='ltr'>nis</span> <span class='ocrx_word' id='word_1_210' title='bbox 398 4401 641 4501; x_wconf 49' lang='lat' dir='ltr'>off-tt-asstt.</span> 
     </span>
    </p>
   </div>
   <div class='ocr_carea' id='block_1_15' title="bbox 184 4523 391 4594">
    <p class='ocr_par' dir='ltr' id='par_1_16' title="bbox 184 4523 391 4594">
     <span class='ocr_line' id='line_1_31' title="bbox 184 4523 391 4594; baseline 0.048 -22"><span class='ocrx_word' id='word_1_211' title='bbox 184 4523 240 4575; x_wconf 91' lang='lat' dir='ltr'>01n.</span> <span class='ocrx_word' id='word_1_212' title='bbox 255 4527 391 4594; x_wconf 78' lang='lat' dir='ltr'>prologus.</span> 
     </span>
    </p>
   </div>
   <div class='ocr_carea' id='block_1_16' title="bbox 0 0 1547 5498">
    <p class='ocr_par' dir='ltr' id='par_1_17' title="bbox 0 0 1547 5498">
     <span class='ocr_line' id='line_1_32' title="bbox 0 0 1547 5498; baseline 0 0"><span class='ocrx_word' id='word_1_213' title='bbox 0 0 1547 5498; x_wconf 95' lang='lat' dir='ltr'> </span> 
     </span>
    </p>
   </div>
  </div>
 </body>
</html>
