3076 5498
147 318 191 382 84
489 331 614 383 caran.
634 331 736 382 cono.
756 332 930 383 Haemon.
950 332 1030 382 aar.

146 509 200 556 tem
220 503 330 570 iniustis
350 507 378 556 et
398 502 546 555 malesanis
564 502 669 555 actibus
690 515 721 555 ac
743 501 841 556 studiis
865 500 899 555 ad
919 501 1089 556 iracundiam
1112 513 1255 568 pmvocare

147 603 228 656 etiarn
245 602 368 668 ipsorum
386 601 521 656 serviliter
537 601 658 668 phaleris
675 606 702 655 et
719 603 860 669 equitibus
877 601 1040 665 insanirent,
1053 600 1255 667 altissimuspa

146 701 311 769 longanimis
324 700 456 764 redditor,
471 714 552 753 mane
564 714 743 769 consurgens,
756 701 816 754 sine
831 701 924 754 lurore
941 701 970 752 in
988 699 1068 753 turba
1090 698 1244 764 clamitans,

147 800 305 868 propbetas,
318 801 443 853 doctores
453 800 597 863 excitabat,
609 800 741 866 quatinus
754 800 912 866 ignorantes
927 799 1081 863 erudirent,
1095 802 1253 865 peccatores

147 904 217 968 rent,
231 900 398 953 calamitates
411 899 647 975 praenuntiarent,
662 906 692 952 ut
703 912 773 965 quus
788 900 910 966 justitiae
927 912 1005 952 amor
1023 910 1079 951 non
1101 899 1230 966 traheret,
1243 912 1255 950 v

146 1000 368 1053 comminationis
388 999 502 1052 divinae
524 1003 652 1052 mutaret.
676 1001 872 1066 loquebantur
895 999 935 1051 illi
960 999 1035 1052 mitia
1060 997 1224 1064 immitibus,
1246 1013 1255 1065 p

148 1102 231 1164 recta,
241 1099 315 1165 justa
337 1097 559 1165 malignantibus,
573 1102 599 1151 ct
616 1109 665 1163 pro
687 1096 886 1150 beneficiorum
904 1097 1032 1150 mercede
1049 1098 1231 1151 subsannatio
1248 1111 1255 1149 ι

147 1197 331 1250 irritatoribus
344 1201 432 1250 erant.
446 1196 607 1250 Pervolabat
619 1197 759 1249 temeritas
779 1193 910 1249 effrenata
923 1196 1068 1263 maiorum,
1082 1196 1208 1250 scelerati
1220 1208 1253 1249 ac

148 1296 254 1366 legibus
262 1297 384 1364 iustitiae
398 1297 577 1363 resultabant,
591 1296 692 1350 atrium
704 1310 785 1349 suum
803 1296 874 1350 male
887 1297 965 1350 soriis
981 1295 1109 1350 diabolus
1122 1298 1224 1364 passim
1242 1296 1255 1348 d

148 1395 253 1450 clamor
273 1409 305 1451 ac
322 1397 472 1451 tonitruum
496 1396 660 1462 Babyloniae
679 1395 810 1462 templum
835 1396 942 1449 bomini
965 1395 1108 1462 pacificum
1129 1395 1255 1450 concutie

148 1503 225 1551 tanlo
248 1497 380 1550 malorum
404 1496 514 1549 turbine
527 1501 559 1549 ut
581 1496 669 1548 iacula
692 1495 774 1563 ignita
796 1496 866 1548 illias
887 1509 1046 1557 succensus,
1058 1498 1114 1562 jam
1129 1496 1246 1549 nuncin

149 1597 307 1664 longaevus,
322 1601 388 1650 tuno
398 1600 491 1649 autern
505 1596 587 1648 borno
608 1593 747 1661 passibilis
766 1601 855 1648 terrae
873 1595 973 1660 incola,
986 1596 1126 1649 caelorum
1139 1595 1255 1649 aeditua:

150 1694 256 1748 caelum
270 1693 397 1760 imperio,
412 1694 512 1761 byadas
535 1694 668 1760 pluviales
689 1694 858 1761 subsignavit
878 1693 968 1748 oiiiclo
987 1698 1014 1748 et
1030 1707 1146 1747 munera
1159 1695 1254 1749 aetber

151 1793 348 1861 peccatricibus
373 1795 402 1846 in
424 1794 557 1847 ultionem
582 1794 690 1846 bomini
714 1793 870 1862 denegavit.
892 1794 990 1846 Tribus
1014 1794 1096 1847 annis
1118 1798 1146 1847 et
1170 1807 1216 1847 sex
1246 1807 1255 1844 r

151 1895 268 1960 sphaera
286 1893 383 1946 solaris
404 1899 574 1946 arescentem
596 1894 694 1946 torruit
716 1893 860 1960 mnndum,
873 1877 1073 1946 nutrimentum
1089 1899 1180 1946 terrae
1192 1897 1255 1945 matr

151 1993 217 2058 cuit,
230 1992 332 2047 animal
345 1997 471 2046 mutanti
483 1993 567 2046 herba
580 1991 726 2046 deficiente
744 1993 887 2061 ingemuit,
899 1994 1001 2047 animal
1021 1993 1155 2047 rationale
1173 1992 1207 2045 ad
1225 2005 1255 2045 se

151 2106 236 2160 seque
256 2105 431 2161 cognoscere,
452 2092 553 2145 malitia
571 2091 742 2158 dominante,
756 2105 813 2145 non
831 2093 929 2158 potuit.
948 2096 1150 2146 verumtamem
1172 2105 1253 2145 servu

151 2192 191 2245 ira
204 2205 310 2245 memor
322 2191 538 2256 misericordiae,
546 2191 643 2244 eadem
655 2205 708 2258 qua
721 2192 828 2244 caelum
840 2192 977 2245 clauserat
988 2193 1065 2245 clave
1078 2192 1198 2245 subinde
1212 2204 1256 2243 res

151 2294 186 2346 ad
199 2295 283 2346 ileum
297 2293 483 2346 fortitudinem
497 2305 574 2346 suam
587 2293 754 2359 custodiens,
768 2293 913 2346 elementis
925 2292 1031 2356 modos,
1046 2293 1180 2346 mundum
1193 2293 1245 2345 sibi

153 2392 289 2447 turbatam
310 2397 392 2460 atque
411 2393 553 2446 confusam
573 2393 727 2445 machinam
749 2393 894 2446 serenavit.
909 2367 965 2446 iloc
977 2407 1025 2460 per
1045 2393 1132 2446 liliam
1152 2398 1253 2458 vatem,

154 2493 298 2561 agericum
310 2493 461 2546 antistitem
474 2497 595 2559 potestas
607 2493 653 2545 illa
674 2493 777 2560 peregit
788 2506 860 2559 quae
872 2494 901 2545 in
914 2492 1060 2561 evangelio
1072 2493 1208 2560 operariis
1219 2491 1255 2543 div

155 2605 204 2646 me
224 2591 309 2646 nibil
324 2592 454 2659 potestis
474 2589 589 2660 fucere.
611 2594 680 2645 Ecce
701 2597 802 2659 quanta
824 2597 979 2659 potuerunt,
1002 2599 1106 2659 quanta
1128 2593 1253 2646 lecerunt

157 2692 276 2759 tegmine
288 2692 392 2745 alarum
406 2692 453 2744 bei
467 2696 656 2758 speraverunt,
669 2692 716 2758 qui
738 2694 793 2745 beo
813 2692 987 2758 placuerunt,
1000 2691 1048 2759 qui
1066 2693 1193 2760 stigmata
1215 2693 1255 2744 ies

158 2803 225 2858 pore
247 2789 436 2857 suo,viriliter
456 2795 644 2858 portaverunt.
659 2791 730 2844 Elias
751 2793 805 2845 lieo
828 2792 976 2844 comitante
993 2792 1110 2858 fugiens,
1124 2791 1255 2844 intenuit

156 2889 266 2944 divitias
278 2890 371 2957 dedit3
385 2892 513 2959 agericus
526 2892 554 2943 in
567 2892 681 2944 ecclesia
692 2891 846 2957 quiescens,
867 2904 968 2944 manna
980 2891 1055 2945 verbi
1067 2892 1114 2944 liei
1128 2891 1235 2943 animas
1247 2904 1255 2942 r

157 2992 295 3045 interiecit
308 2991 353 3044 ilie
365 2991 465 3045 multos
479 2992 535 3045 zelo
548 2991 642 3044 divino
655 2998 812 3058 peccalores
824 2991 853 3042 in
865 3005 960 3056 carne,
973 2992 1024 3044 iste
1043 2991 1143 3044 mullos
1159 2989 1251 3058 gladio

159 3088 370 3156 praedicationis
382 3090 510 3144 exstinxit
522 3091 551 3142 in
564 3089 672 3158 spiritu.
686 3093 788 3157 llaplus
801 3097 842 3143 est
859 3090 905 3143 ille
916 3090 996 3156 igneo
1014 3103 1097 3143 curru
1110 3103 1126 3143 a
1138 3093 1255 3156 corrupt:

159 3191 248 3243 soluto
271 3189 367 3244 mortis
387 3189 479 3243 debito
499 3190 624 3256 pervenit
643 3190 677 3243 ad
700 3191 944 3256 incorruptionem.
957 3189 996 3241 ld
1016 3190 1145 3243 ultimum
1167 3195 1255 3244 utros<

159 3289 331 3356 amplectitur
343 3303 415 3343 unus
427 3290 504 3343 sinus
516 3290 626 3357 quietis,
642 3288 772 3343 videlicet
789 3291 848 3357 ipse
869 3293 948 3357 lleus,
962 3290 1009 3356 qui
1027 3296 1068 3343 est
1086 3290 1246 3355 perenniter

159 3388 187 3441 in
200 3390 313 3442 sanctis.
326 3388 365 3442 ld
386 3390 484 3442 borum
507 3394 534 3442 et
554 3401 604 3441 nos
629 3389 788 3443 societatem
809 3391 832 3442 si
854 3388 1003 3443 ascendere
1022 3389 1255 3456 praeoptamus,la

158 3491 331 3553 peccatorum
352 3500 466 3541 necesse
486 3492 527 3541 est
549 3486 647 3541 timore
668 3492 694 3541 et
719 3488 887 3554 paenitentia
905 3493 1083 3555 contegamus
1095 3493 1122 3540 el
1138 3486 1171 3539 ad
1186 3487 1240 3540 alla

160 3598 275 3652 operum
288 3601 337 3654 spe
348 3592 376 3640 et
387 3588 499 3640 caritate
511 3588 659 3655 erigamur.

192 3685 243 3740 10.
257 3685 374 3739 Additur
385 3687 468 3754 igitur
479 3687 565 3740 virtus
578 3687 674 3740 virtuti
694 3692 721 3740 et
738 3689 773 3741 de
790 3690 919 3742 thesauro
931 3689 1004 3741 beati
1017 3688 1067 3741 viri
1081 3686 1246 3739 charismata

159 3787 322 3864 procedunt.
335 3787 403 3839 cum
415 3787 490 3838 enim
500 3789 575 3852 juxta
595 3788 822 3842 consuetudinem
844 3788 1010 3854 pastoralem
1031 3787 1255 3840 liminaecclesia

160 3886 229 3952 palis
252 3887 367 3939 Sanctae
389 3887 488 3940 llariae
511 3891 650 3953 attereret,
673 3888 795 3954 quidam,
815 3889 954 3941 iohannes
978 3888 1100 3951 nomine,
1123 3888 1255 3940 membris

160 3985 253 4038 nervis
264 3984 368 4051 aridus,
382 3993 507 4038 mortuus
519 3987 622 4040 viribus
639 3989 731 4041 anima
752 3989 930 4054 subsistente,
944 3988 1053 4055 linguae
1065 3993 1170 4041 tantum
1185 3986 1255 4040 oillei

160 4085 228 4152 lens,
241 4085 355 4139 vocibus
368 4099 436 4152 quas
448 4087 557 4140 enervis
570 4087 687 4140 babebat
699 4089 856 4154 episcopum
869 4089 994 4142 exoravit
1005 4089 1101 4140 dicens
1114 4103 1121 4139 ι
1139 4086 1255 4140 Obsecro

159 4186 223 4254 Dei,
248 4188 284 4239 ut
306 4185 427 4239 aiacem
451 4186 686 4241 mr'eericordice
705 4187 849 4252 eilbadus
872 4200 969 4255 super
991 4200 1048 4240 nte.
1073 4187 1122 4239 cui
1144 4186 1255 4240 sacerdo

160 4286 362 4352 quodammodo
383 4292 503 4340 et1cum
524 4286 634 4340 inllrmo
655 4286 819 4352 infirmatus,
834 4287 990 4354 evangelica
1013 4286 1155 4353 respondit
1175 4300 1244 4340 voce

162 4385 241 4445 Quid
260 4386 317 4453 ot's,
329 4387 427 4455 inquit,
441 4385 562 4455 suetiam
583 4385 661 4440 cibit
673 4385 711 4439 id
725 4388 792 4440 baec
806 4385 971 4455 languidus:
992 4387 1026 4440 ut
1039 4386 1236 4454 miserearis,
1249 4401 1255 4439 a

191 4593 222 4605 —
234 4571 246 4608 ³
257 4567 366 4619 brutum
379 4569 404 4621 ἲ.

191 4648 286 4703 ilum.
300 4648 350 4702 10.
366 4649 484 4716 -11am
497 4649 571 4705 aad.
585 4653 610 4704 2.
626 4677 655 4691 -
672 4663 731 4707 ortt.
745 4654 771 4707 Ξ.
