<?xml version="1.0" encoding="UTF-8"?>
<!DOCTYPE html PUBLIC "-//W3C//DTD XHTML 1.0 Transitional//EN"
    "http://www.w3.org/TR/xhtml1/DTD/xhtml1-transitional.dtd">
<html xmlns="http://www.w3.org/1999/xhtml" xml:lang="en" lang="en">
 <head>
  <title>
</title>
<meta http-equiv="Content-Type" content="text/html;charset=utf-8" />
  <meta name='ocr-system' content='tesseract 3.04.00' />
  <meta name='ocr-capabilities' content='ocr_page ocr_carea ocr_par ocr_line ocrx_word'/>
</head>
<body>
  <div class='ocr_page' id='page_1' title='image "./cataloguscodicu00manugoog_0393.png"; bbox 0 0 3076 5498; ppageno 0'>
   <div class='ocr_carea' id='block_1_1' title="bbox 272 303 1152 372">
    <p class='ocr_par' dir='ltr' id='par_1_1' title="bbox 272 303 1152 372">
     <span class='ocr_line' id='line_1_1' title="bbox 272 303 1152 372; baseline 0.003 -3"><span class='ocrx_word' id='word_1_1' title='bbox 272 303 339 369; x_wconf 86' lang='lat'>380</span> <span class='ocrx_word' id='word_1_2' title='bbox 613 319 738 371; x_wconf 75' lang='lat' dir='ltr'>cauus.</span> <span class='ocrx_word' id='word_1_3' title='bbox 757 320 859 370; x_wconf 86' lang='lat' dir='ltr'>cono.</span> <span class='ocrx_word' id='word_1_4' title='bbox 878 320 1052 371; x_wconf 72' lang='lat' dir='ltr'>moroan.</span> <span class='ocrx_word' id='word_1_5' title='bbox 1070 321 1152 372; x_wconf 74' lang='lat' dir='ltr'>usu.</span> 
     </span>
    </p>
   </div>
   <div class='ocr_carea' id='block_1_2' title="bbox 272 488 1530 757">
    <p class='ocr_par' dir='ltr' id='par_1_2' title="bbox 272 488 1530 757">
     <span class='ocr_line' id='line_1_2' title="bbox 305 488 1475 559; baseline 0.001 -19"><span class='ocrx_word' id='word_1_6' title='bbox 305 489 337 543; x_wconf 76' lang='grc' dir='ltr'>ὅ.</span> <span class='ocrx_word' id='word_1_7' title='bbox 357 490 491 555; x_wconf 78' lang='lat' dir='ltr'>Receptus</span> <span class='ocrx_word' id='word_1_8' title='bbox 512 489 603 557; x_wconf 84' lang='lat' dir='ltr'>itaque</span> <span class='ocrx_word' id='word_1_9' title='bbox 625 489 790 557; x_wconf 80' lang='lat' dir='ltr'>Aginnensis</span> <span class='ocrx_word' id='word_1_10' title='bbox 810 490 886 541; x_wconf 91' lang='lat' dir='ltr'>urbis</span> <span class='ocrx_word' id='word_1_11' title='bbox 907 489 1009 543; x_wconf 89' lang='lat' dir='ltr'>tinibus</span> <span class='ocrx_word' id='word_1_12' title='bbox 1035 491 1209 544; x_wconf 89' lang='lat' dir='ltr'>beatissimus</span> <span class='ocrx_word' id='word_1_13' title='bbox 1234 493 1332 546; x_wconf 84' lang='lat' dir='ltr'>christi</span> <span class='ocrx_word' id='word_1_14' title='bbox 1354 488 1475 559; x_wconf 72' lang='lat' dir='ltr'>nannet</span> 
     </span>
     <span class='ocr_line' id='line_1_3' title="bbox 272 587 1530 658; baseline 0.003 -18"><span class='ocrx_word' id='word_1_15' title='bbox 272 587 408 655; x_wconf 88' lang='lat' dir='ltr'>gloriosus</span> <span class='ocrx_word' id='word_1_16' title='bbox 421 588 506 641; x_wconf 90' lang='lat' dir='ltr'>levita</span> <span class='ocrx_word' id='word_1_17' title='bbox 519 589 666 653; x_wconf 76' lang='lat' dir='ltr'>Mancinus,</span> <span class='ocrx_word' id='word_1_18' title='bbox 680 589 710 641; x_wconf 95' lang='lat' dir='ltr'>in</span> <span class='ocrx_word' id='word_1_19' title='bbox 723 589 781 655; x_wconf 93' lang='lat' dir='ltr'>ipso</span> <span class='ocrx_word' id='word_1_20' title='bbox 794 589 916 656; x_wconf 83' lang='lat' dir='ltr'>ejusdem</span> <span class='ocrx_word' id='word_1_21' title='bbox 929 589 1043 642; x_wconf 89' lang='lat' dir='ltr'>civitatis</span> <span class='ocrx_word' id='word_1_22' title='bbox 1055 590 1181 658; x_wconf 86' lang='lat' dir='ltr'>ingressu</span> <span class='ocrx_word' id='word_1_23' title='bbox 1190 592 1303 645; x_wconf 89' lang='lat' dir='ltr'>obvium</span> <span class='ocrx_word' id='word_1_24' title='bbox 1314 593 1476 646; x_wconf 79' lang='lat' dir='ltr'>babetsencm</span> <span class='ocrx_word' id='word_1_25' title='bbox 1528 612 1530 617; x_wconf 96' lang='lat'>·</span> 
     </span>
     <span class='ocr_line' id='line_1_4' title="bbox 272 686 1481 757; baseline 0.005 -18"><span class='ocrx_word' id='word_1_26' title='bbox 272 686 380 754; x_wconf 93' lang='lat' dir='ltr'>ignotae</span> <span class='ocrx_word' id='word_1_27' title='bbox 402 699 536 753; x_wconf 81' lang='lat' dir='ltr'>personae</span> <span class='ocrx_word' id='word_1_28' title='bbox 557 688 707 756; x_wconf 90' lang='lat' dir='ltr'>bominem,</span> <span class='ocrx_word' id='word_1_29' title='bbox 729 701 811 755; x_wconf 84' lang='lat' dir='ltr'>quern</span> <span class='ocrx_word' id='word_1_30' title='bbox 836 688 1003 743; x_wconf 89' lang='lat' dir='ltr'>daemonum</span> <span class='ocrx_word' id='word_1_31' title='bbox 1030 690 1102 757; x_wconf 87' lang='lat' dir='ltr'>legio</span> <span class='ocrx_word' id='word_1_32' title='bbox 1132 692 1281 746; x_wconf 88' lang='lat' dir='ltr'>invaserat.</span> <span class='ocrx_word' id='word_1_33' title='bbox 1304 694 1383 755; x_wconf 83' lang='lat' dir='ltr'>Quem</span> <span class='ocrx_word' id='word_1_34' title='bbox 1400 694 1481 745; x_wconf 81' lang='lat' dir='ltr'>onus</span> 
     </span>
    </p>
   </div>
   <div class='ocr_carea' id='block_1_3' title="bbox 183 786 1478 859">
    <p class='ocr_par' dir='ltr' id='par_1_3' title="bbox 183 786 1478 859">
     <span class='ocr_line' id='line_1_5' title="bbox 183 786 1478 859; baseline 0.005 -22"><span class='ocrx_word' id='word_1_35' title='bbox 183 851 186 857; x_wconf 24' lang='grc' dir='ltr'>Ι</span> <span class='ocrx_word' id='word_1_36' title='bbox 271 786 411 840; x_wconf 82' lang='lat' dir='ltr'>ttaurinus</span> <span class='ocrx_word' id='word_1_37' title='bbox 423 789 451 839; x_wconf 92' lang='lat' dir='ltr'>in</span> <span class='ocrx_word' id='word_1_38' title='bbox 464 789 561 841; x_wconf 88' lang='lat' dir='ltr'>eodem</span> <span class='ocrx_word' id='word_1_39' title='bbox 573 789 682 841; x_wconf 88' lang='lat' dir='ltr'>eminus</span> <span class='ocrx_word' id='word_1_40' title='bbox 694 789 810 856; x_wconf 88' lang='lat' dir='ltr'>gradum</span> <span class='ocrx_word' id='word_1_41' title='bbox 827 788 913 856; x_wconf 87' lang='lat' dir='ltr'>figens</span> <span class='ocrx_word' id='word_1_42' title='bbox 931 791 1062 858; x_wconf 85' lang='lat' dir='ltr'>temporis</span> <span class='ocrx_word' id='word_1_43' title='bbox 1078 791 1194 845; x_wconf 88' lang='lat' dir='ltr'>articulo</span> <span class='ocrx_word' id='word_1_44' title='bbox 1212 792 1392 858; x_wconf 78' lang='lat' dir='ltr'>conspicatus,</span> <span class='ocrx_word' id='word_1_45' title='bbox 1402 791 1478 859; x_wconf 85' lang='lat' dir='ltr'>padu-</span> 
     </span>
    </p>
   </div>
   <div class='ocr_carea' id='block_1_4' title="bbox 264 882 1530 4645">
    <p class='ocr_par' dir='ltr' id='par_1_4' title="bbox 264 882 1530 1755">
     <span class='ocr_line' id='line_1_6' title="bbox 268 882 1514 957; baseline 0.003 -19"><span class='ocrx_word' id='word_1_46' title='bbox 268 886 325 938; x_wconf 88' lang='lat' dir='ltr'>lum</span> <span class='ocrx_word' id='word_1_47' title='bbox 349 887 477 952; x_wconf 73' lang='lat' dir='ltr'><strong>substitit,</strong></span> <span class='ocrx_word' id='word_1_48' title='bbox 500 901 532 940; x_wconf 92' lang='lat' dir='ltr'>ac</span> <span class='ocrx_word' id='word_1_49' title='bbox 555 887 673 941; x_wconf 79' lang='lat' dir='ltr'>subinde</span> <span class='ocrx_word' id='word_1_50' title='bbox 695 901 759 941; x_wconf 89' lang='lat' dir='ltr'>eum</span> <span class='ocrx_word' id='word_1_51' title='bbox 782 889 857 955; x_wconf 89' lang='lat' dir='ltr'>prior</span> <span class='ocrx_word' id='word_1_52' title='bbox 880 888 988 956; x_wconf 87' lang='lat' dir='ltr'>affatus,</span> <span class='ocrx_word' id='word_1_53' title='bbox 1013 903 1134 957; x_wconf 88' lang='lat' dir='ltr'>quonam</span> <span class='ocrx_word' id='word_1_54' title='bbox 1160 892 1242 944; x_wconf 87' lang='lat' dir='ltr'>bomo</span> <span class='ocrx_word' id='word_1_55' title='bbox 1265 891 1312 945; x_wconf 89' lang='lat' dir='ltr'>iiie</span> <span class='ocrx_word' id='word_1_56' title='bbox 1341 891 1470 945; x_wconf 78' lang='lat' dir='ltr'>valitudinis</span> <span class='ocrx_word' id='word_1_57' title='bbox 1498 882 1514 935; x_wconf 61' lang='grc' dir='ltr'>ὅ</span> 
     </span>
     <span class='ocr_line' id='line_1_7' title="bbox 272 988 1474 1058; baseline 0.002 -18"><span class='ocrx_word' id='word_1_58' title='bbox 272 988 445 1042; x_wconf 90' lang='lat' dir='ltr'>incommodo</span> <span class='ocrx_word' id='word_1_59' title='bbox 458 993 601 1041; x_wconf 77' lang='lat' dir='ltr'>vexaretur</span> <span class='ocrx_word' id='word_1_60' title='bbox 623 1002 679 1041; x_wconf 94' lang='lat' dir='ltr'>non</span> <span class='ocrx_word' id='word_1_61' title='bbox 700 989 759 1041; x_wconf 90' lang='lat' dir='ltr'>sine</span> <span class='ocrx_word' id='word_1_62' title='bbox 781 989 872 1041; x_wconf 90' lang='lat' dir='ltr'>cordis</span> <span class='ocrx_word' id='word_1_63' title='bbox 892 989 1012 1056; x_wconf 91' lang='lat' dir='ltr'>suspirio</span> <span class='ocrx_word' id='word_1_64' title='bbox 1033 995 1239 1054; x_wconf 89' lang='lat' dir='ltr'>percunctatur.</span> <span class='ocrx_word' id='word_1_65' title='bbox 1252 991 1293 1044; x_wconf 72' lang='lat' dir='ltr'>bd</span> <span class='ocrx_word' id='word_1_66' title='bbox 1312 993 1385 1058; x_wconf 84' lang='lat' dir='ltr'>eujus</span> <span class='ocrx_word' id='word_1_67' title='bbox 1400 1003 1474 1044; x_wconf 81' lang='lat' dir='ltr'>vocem</span> 
     </span>
     <span class='ocr_line' id='line_1_8' title="bbox 273 1089 1471 1159; baseline 0.003 -17"><span class='ocrx_word' id='word_1_68' title='bbox 273 1089 355 1156; x_wconf 89' lang='lat' dir='ltr'>paulo</span> <span class='ocrx_word' id='word_1_69' title='bbox 368 1090 431 1156; x_wconf 91' lang='lat' dir='ltr'>plus</span> <span class='ocrx_word' id='word_1_70' title='bbox 444 1090 524 1142; x_wconf 91' lang='lat' dir='ltr'>solito</span> <span class='ocrx_word' id='word_1_71' title='bbox 536 1090 578 1143; x_wconf 77' lang='lat' dir='ltr'>sir</span> <span class='ocrx_word' id='word_1_72' title='bbox 589 1090 637 1142; x_wconf 90' lang='lat' dir='ltr'>ille</span> <span class='ocrx_word' id='word_1_73' title='bbox 649 1090 822 1157; x_wconf 78' lang='lat' dir='ltr'>resipiscens,</span> <span class='ocrx_word' id='word_1_74' title='bbox 836 1091 863 1142; x_wconf 91' lang='lat' dir='ltr'>in</span> <span class='ocrx_word' id='word_1_75' title='bbox 877 1091 944 1143; x_wconf 89' lang='lat' dir='ltr'>haec</span> <span class='ocrx_word' id='word_1_76' title='bbox 957 1090 1069 1145; x_wconf 89' lang='lat' dir='ltr'>demum</span> <span class='ocrx_word' id='word_1_77' title='bbox 1082 1103 1214 1158; x_wconf 89' lang='lat' dir='ltr'>responsa</span> <span class='ocrx_word' id='word_1_78' title='bbox 1232 1095 1358 1159; x_wconf 78' lang='lat' dir='ltr'>prorupit</span> <span class='ocrx_word' id='word_1_79' title='bbox 1369 1106 1377 1144; x_wconf 94' lang='lat'><strong>:</strong></span> <span class='ocrx_word' id='word_1_80' title='bbox 1388 1093 1471 1146; x_wconf 74' lang='lat' dir='ltr'>moon</span> 
     </span>
     <span class='ocr_line' id='line_1_9' title="bbox 271 1189 1467 1259; baseline 0.003 -16"><span class='ocrx_word' id='word_1_81' title='bbox 271 1191 416 1258; x_wconf 83' lang='lat' dir='ltr'>ntodiias,</span> <span class='ocrx_word' id='word_1_82' title='bbox 431 1191 529 1257; x_wconf 84' lang='lat' dir='ltr'>inquit,</span> <span class='ocrx_word' id='word_1_83' title='bbox 543 1189 729 1258; x_wconf 75' lang='lat' dir='ltr'>hujusmodi,</span> <span class='ocrx_word' id='word_1_84' title='bbox 743 1190 961 1257; x_wconf 79' lang='lat' dir='ltr'>oonejuvems,</span> <span class='ocrx_word' id='word_1_85' title='bbox 974 1204 1069 1258; x_wconf 73' lang='lat' dir='ltr'>meam</span> <span class='ocrx_word' id='word_1_86' title='bbox 1082 1190 1234 1245; x_wconf 82' lang='lat' dir='ltr'>hactenus</span> <span class='ocrx_word' id='word_1_87' title='bbox 1252 1193 1351 1246; x_wconf 73' lang='lat' dir='ltr'>sitnm</span> <span class='ocrx_word' id='word_1_88' title='bbox 1361 1190 1467 1259; x_wconf 67' lang='lat' dir='ltr'>comari</span> 
     </span>
     <span class='ocr_line' id='line_1_10' title="bbox 269 1288 1466 1357; baseline -0.003 -13"><span class='ocrx_word' id='word_1_89' title='bbox 269 1290 368 1344; x_wconf 83' lang='lat' dir='ltr'>simul</span> <span class='ocrx_word' id='word_1_90' title='bbox 379 1292 409 1344; x_wconf 88' lang='lat' dir='ltr'>et</span> <span class='ocrx_word' id='word_1_91' title='bbox 420 1290 548 1344; x_wconf 88' lang='lat' dir='ltr'>animae</span> <span class='ocrx_word' id='word_1_92' title='bbox 559 1290 666 1344; x_wconf 83' lang='lat' dir='ltr'>uideor</span> <span class='ocrx_word' id='word_1_93' title='bbox 674 1291 827 1344; x_wconf 84' lang='lat' dir='ltr'>sustinere</span> <span class='ocrx_word' id='word_1_94' title='bbox 835 1289 1009 1357; x_wconf 88' lang='lat' dir='ltr'>dispendio,</span> <span class='ocrx_word' id='word_1_95' title='bbox 1018 1303 1081 1357; x_wconf 82' lang='lat' dir='ltr'>qua</span> <span class='ocrx_word' id='word_1_96' title='bbox 1090 1289 1171 1343; x_wconf 85' lang='lat' dir='ltr'>milti</span> <span class='ocrx_word' id='word_1_97' title='bbox 1179 1293 1343 1346; x_wconf 76' lang='lat' dir='ltr'>occasione</span> <span class='ocrx_word' id='word_1_98' title='bbox 1351 1288 1466 1346; x_wconf 75' lang='lat' dir='ltr'>acciunt</span> 
     </span>
     <span class='ocr_line' id='line_1_11' title="bbox 264 1382 1530 1458; baseline -0.002 -14"><span class='ocrx_word' id='word_1_99' title='bbox 264 1389 395 1458; x_wconf 84' lang='lat' dir='ltr'>penitus</span> <span class='ocrx_word' id='word_1_100' title='bbox 408 1390 527 1456; x_wconf 73' lang='lat' dir='ltr'>ipnoro,</span> <span class='ocrx_word' id='word_1_101' title='bbox 541 1391 694 1455; x_wconf 76' lang='lat' dir='ltr'>Attamen,</span> <span class='ocrx_word' id='word_1_102' title='bbox 707 1389 736 1443; x_wconf 90' lang='lat' dir='ltr'>si</span> <span class='ocrx_word' id='word_1_103' title='bbox 756 1391 828 1443; x_wconf 88' lang='lat' dir='ltr'>ulla</span> <span class='ocrx_word' id='word_1_104' title='bbox 849 1392 878 1443; x_wconf 87' lang='lat' dir='ltr'>te</span> <span class='ocrx_word' id='word_1_105' title='bbox 897 1390 960 1443; x_wconf 88' lang='lat' dir='ltr'>mei</span> <span class='ocrx_word' id='word_1_106' title='bbox 978 1389 1151 1457; x_wconf 79' lang='lat' dir='ltr'>compassio</span> <span class='ocrx_word' id='word_1_107' title='bbox 1173 1390 1376 1458; x_wconf 80' lang='lat' dir='ltr'>aliquatenus</span> <span class='ocrx_word' id='word_1_108' title='bbox 1394 1388 1462 1453; x_wconf 82' lang='lat' dir='ltr'>tota,</span> <span class='ocrx_word' id='word_1_109' title='bbox 1475 1382 1495 1435; x_wconf 73' lang='lat'>¹⁰</span> <span class='ocrx_word' id='word_1_110' title='bbox 1529 1428 1530 1435; x_wconf 57' lang='lat'>,</span> 
     </span>
     <span class='ocr_line' id='line_1_12' title="bbox 269 1488 1464 1557; baseline 0 -13"><span class='ocrx_word' id='word_1_111' title='bbox 269 1489 407 1556; x_wconf 76' lang='lat' dir='ltr'>meisque</span> <span class='ocrx_word' id='word_1_112' title='bbox 418 1488 578 1543; x_wconf 84' lang='lat' dir='ltr'>doloribus</span> <span class='ocrx_word' id='word_1_113' title='bbox 587 1489 813 1552; x_wconf 76' lang='lat' dir='ltr'>condescendis,</span> <span class='ocrx_word' id='word_1_114' title='bbox 819 1489 953 1556; x_wconf 81' lang='lat' dir='ltr'>provide</span> <span class='ocrx_word' id='word_1_115' title='bbox 964 1490 1077 1542; x_wconf 87' lang='lat' dir='ltr'>saltem</span> <span class='ocrx_word' id='word_1_116' title='bbox 1086 1488 1167 1542; x_wconf 82' lang='lat' dir='ltr'>milti</span> <span class='ocrx_word' id='word_1_117' title='bbox 1178 1490 1306 1557; x_wconf 87' lang='lat' dir='ltr'>misero,</span> <span class='ocrx_word' id='word_1_118' title='bbox 1317 1490 1350 1543; x_wconf 90' lang='lat' dir='ltr'>in</span> <span class='ocrx_word' id='word_1_119' title='bbox 1358 1497 1464 1557; x_wconf 72' lang='lat' dir='ltr'>supina</span> 
     </span>
     <span class='ocr_line' id='line_1_13' title="bbox 264 1583 1529 1656; baseline 0.002 -16"><span class='ocrx_word' id='word_1_120' title='bbox 264 1600 369 1654; x_wconf 90' lang='lat' dir='ltr'>paene</span> <span class='ocrx_word' id='word_1_121' title='bbox 389 1587 497 1641; x_wconf 83' lang='lat' dir='ltr'>mortis</span> <span class='ocrx_word' id='word_1_122' title='bbox 524 1587 707 1642; x_wconf 81' lang='lat' dir='ltr'>discrimine</span> <span class='ocrx_word' id='word_1_123' title='bbox 728 1588 903 1653; x_wconf 83' lang='lat' dir='ltr'>constituto,</span> <span class='ocrx_word' id='word_1_124' title='bbox 941 1587 1109 1655; x_wconf 80' lang='lat' dir='ltr'>quodlibet,</span> <span class='ocrx_word' id='word_1_125' title='bbox 1137 1588 1167 1640; x_wconf 85' lang='lat' dir='ltr'>si</span> <span class='ocrx_word' id='word_1_126' title='bbox 1186 1585 1331 1655; x_wconf 78' lang='lat' dir='ltr'>facultas</span> <span class='ocrx_word' id='word_1_127' title='bbox 1355 1583 1463 1656; x_wconf 73' lang='lat' dir='ltr'>suppetit</span> <span class='ocrx_word' id='word_1_128' title='bbox 1526 1626 1529 1631; x_wconf 80' lang='lat'><strong>·</strong></span> 
     </span>
     <span class='ocr_line' id='line_1_14' title="bbox 269 1685 1463 1755; baseline -0.004 -14"><span class='ocrx_word' id='word_1_129' title='bbox 269 1686 379 1741; x_wconf 82' lang='lat' dir='ltr'>solatii</span> <span class='ocrx_word' id='word_1_130' title='bbox 391 1686 642 1752; x_wconf 80' lang='lat' dir='ltr'>amminiculum,</span> <span class='ocrx_word' id='word_1_131' title='bbox 656 1687 807 1755; x_wconf 78' lang='lat' dir='ltr'>quatinus</span> <span class='ocrx_word' id='word_1_132' title='bbox 818 1699 881 1741; x_wconf 90' lang='lat' dir='ltr'>non</span> <span class='ocrx_word' id='word_1_133' title='bbox 894 1686 1005 1741; x_wconf 83' lang='lat' dir='ltr'>videar</span> <span class='ocrx_word' id='word_1_134' title='bbox 1022 1687 1071 1740; x_wconf 88' lang='lat' dir='ltr'>tui</span> <span class='ocrx_word' id='word_1_135' title='bbox 1087 1687 1189 1754; x_wconf 75' lang='lat' dir='ltr'>ipsius</span> <span class='ocrx_word' id='word_1_136' title='bbox 1201 1687 1245 1741; x_wconf 88' lang='lat' dir='ltr'>ad</span> <span class='ocrx_word' id='word_1_137' title='bbox 1258 1687 1368 1743; x_wconf 75' lang='lat' dir='ltr'>amam</span> <span class='ocrx_word' id='word_1_138' title='bbox 1385 1685 1463 1752; x_wconf 74' lang='lat' dir='ltr'>saffra·</span> 
     </span>
    </p>

    <p class='ocr_par' dir='ltr' id='par_1_5' title="bbox 268 1785 1530 3049">
     <span class='ocr_line' id='line_1_15' title="bbox 268 1785 1464 1854; baseline -0.002 -17"><span class='ocrx_word' id='word_1_139' title='bbox 268 1785 316 1854; x_wconf 81' lang='lat' dir='ltr'>pii</span> <span class='ocrx_word' id='word_1_140' title='bbox 335 1785 481 1854; x_wconf 80' lang='lat' dir='ltr'>beneflcio</span> <span class='ocrx_word' id='word_1_141' title='bbox 501 1786 651 1839; x_wconf 84' lang='lat' dir='ltr'>caruisse.</span> <span class='ocrx_word' id='word_1_142' title='bbox 673 1787 718 1839; x_wconf 87' lang='lat' dir='ltr'>tiis</span> <span class='ocrx_word' id='word_1_143' title='bbox 740 1786 850 1840; x_wconf 88' lang='lat' dir='ltr'>interim</span> <span class='ocrx_word' id='word_1_144' title='bbox 871 1787 919 1839; x_wconf 88' lang='lat' dir='ltr'>bei</span> <span class='ocrx_word' id='word_1_145' title='bbox 938 1787 1056 1839; x_wconf 89' lang='lat' dir='ltr'>famulus</span> <span class='ocrx_word' id='word_1_146' title='bbox 1076 1800 1147 1853; x_wconf 84' lang='lat' dir='ltr'>quae</span> <span class='ocrx_word' id='word_1_147' title='bbox 1168 1787 1203 1840; x_wconf 93' lang='lat' dir='ltr'>ab</span> <span class='ocrx_word' id='word_1_148' title='bbox 1224 1788 1322 1842; x_wconf 88' lang='lat' dir='ltr'>eodem</span> <span class='ocrx_word' id='word_1_149' title='bbox 1343 1787 1464 1841; x_wconf 70' lang='lat' dir='ltr'>vttcdanm</span> 
     </span>
     <span class='ocr_line' id='line_1_16' title="bbox 268 1876 1491 1952; baseline -0.003 -13"><span class='ocrx_word' id='word_1_150' title='bbox 268 1885 334 1939; x_wconf 90' lang='lat' dir='ltr'>satis</span> <span class='ocrx_word' id='word_1_151' title='bbox 347 1899 485 1952; x_wconf 87' lang='lat' dir='ltr'>superque</span> <span class='ocrx_word' id='word_1_152' title='bbox 499 1886 631 1952; x_wconf 91' lang='lat' dir='ltr'>intentus,</span> <span class='ocrx_word' id='word_1_153' title='bbox 645 1899 676 1939; x_wconf 88' lang='lat' dir='ltr'>ae</span> <span class='ocrx_word' id='word_1_154' title='bbox 690 1887 768 1940; x_wconf 90' lang='lat' dir='ltr'>solita</span> <span class='ocrx_word' id='word_1_155' title='bbox 791 1887 906 1952; x_wconf 81' lang='lat' dir='ltr'>proximi</span> <span class='ocrx_word' id='word_1_156' title='bbox 928 1887 1027 1952; x_wconf 91' lang='lat' dir='ltr'>pietate</span> <span class='ocrx_word' id='word_1_157' title='bbox 1040 1886 1068 1937; x_wconf 93' lang='lat' dir='ltr'>in</span> <span class='ocrx_word' id='word_1_158' title='bbox 1081 1886 1202 1939; x_wconf 82' lang='lat' dir='ltr'>lacrimis</span> <span class='ocrx_word' id='word_1_159' title='bbox 1224 1887 1369 1952; x_wconf 88' lang='lat' dir='ltr'>resolutus,</span> <span class='ocrx_word' id='word_1_160' title='bbox 1382 1898 1430 1939; x_wconf 88' lang='lat' dir='ltr'>mov</span> <span class='ocrx_word' id='word_1_161' title='bbox 1442 1876 1491 1935; x_wconf 73' lang='lat' dir='ltr'>adii</span> 
     </span>
     <span class='ocr_line' id='line_1_17' title="bbox 272 1984 1463 2052; baseline -0.004 -16"><span class='ocrx_word' id='word_1_162' title='bbox 272 1989 373 2037; x_wconf 80' lang='lat' dir='ltr'>sermm</span> <span class='ocrx_word' id='word_1_163' title='bbox 385 1985 502 2052; x_wconf 77' lang='lat' dir='ltr'>genibus</span> <span class='ocrx_word' id='word_1_164' title='bbox 523 1988 550 2038; x_wconf 89' lang='lat' dir='ltr'>et</span> <span class='ocrx_word' id='word_1_165' title='bbox 567 1985 695 2051; x_wconf 84' lang='lat' dir='ltr'>expansis</span> <span class='ocrx_word' id='word_1_166' title='bbox 716 1985 744 2037; x_wconf 90' lang='lat' dir='ltr'>in</span> <span class='ocrx_word' id='word_1_167' title='bbox 764 1985 871 2037; x_wconf 89' lang='lat' dir='ltr'>caelum</span> <span class='ocrx_word' id='word_1_168' title='bbox 890 1985 1074 2051; x_wconf 85' lang='lat' dir='ltr'>procumbens</span> <span class='ocrx_word' id='word_1_169' title='bbox 1095 1985 1233 2050; x_wconf 83' lang='lat' dir='ltr'>manibus,</span> <span class='ocrx_word' id='word_1_170' title='bbox 1247 1987 1336 2039; x_wconf 83' lang='lat' dir='ltr'>oravit</span> <span class='ocrx_word' id='word_1_171' title='bbox 1354 1984 1463 2039; x_wconf 84' lang='lat' dir='ltr'>bomium</span> 
     </span>
     <span class='ocr_line' id='line_1_18' title="bbox 273 2080 1463 2152; baseline 0.002 -16"><span class='ocrx_word' id='word_1_172' title='bbox 273 2080 391 2149; x_wconf 84' lang='lat' dir='ltr'>enixius,</span> <span class='ocrx_word' id='word_1_173' title='bbox 405 2088 434 2135; x_wconf 95' lang='lat' dir='ltr'>ut</span> <span class='ocrx_word' id='word_1_174' title='bbox 447 2090 571 2149; x_wconf 89' lang='lat' dir='ltr'>respectu</span> <span class='ocrx_word' id='word_1_175' title='bbox 585 2095 650 2135; x_wconf 88' lang='lat' dir='ltr'>suae</span> <span class='ocrx_word' id='word_1_176' title='bbox 662 2083 845 2136; x_wconf 82' lang='lat' dir='ltr'>miserationis</span> <span class='ocrx_word' id='word_1_177' title='bbox 856 2082 958 2136; x_wconf 88' lang='lat' dir='ltr'>famulo</span> <span class='ocrx_word' id='word_1_178' title='bbox 971 2085 1128 2137; x_wconf 87' lang='lat' dir='ltr'>subveniret</span> <span class='ocrx_word' id='word_1_179' title='bbox 1145 2086 1321 2152; x_wconf 88' lang='lat' dir='ltr'>quantocius,</span> <span class='ocrx_word' id='word_1_180' title='bbox 1334 2098 1386 2138; x_wconf 91' lang='lat' dir='ltr'>nou</span> <span class='ocrx_word' id='word_1_181' title='bbox 1399 2090 1463 2149; x_wconf 67' lang='lat' dir='ltr'>pasti</span> 
     </span>
     <span class='ocr_line' id='line_1_19' title="bbox 273 2179 1530 2256; baseline 0.002 -21"><span class='ocrx_word' id='word_1_182' title='bbox 273 2182 404 2236; x_wconf 90' lang='lat' dir='ltr'>fabricam</span> <span class='ocrx_word' id='word_1_183' title='bbox 430 2184 472 2237; x_wconf 92' lang='lat' dir='ltr'>sui</span> <span class='ocrx_word' id='word_1_184' title='bbox 490 2185 561 2251; x_wconf 87' lang='lat' dir='ltr'>juris</span> <span class='ocrx_word' id='word_1_185' title='bbox 582 2182 718 2251; x_wconf 79' lang='lat' dir='ltr'>pestiferis</span> <span class='ocrx_word' id='word_1_186' title='bbox 739 2187 872 2252; x_wconf 90' lang='lat' dir='ltr'>captivari</span> <span class='ocrx_word' id='word_1_187' title='bbox 894 2185 1074 2239; x_wconf 90' lang='lat' dir='ltr'>daemonibus</span> <span class='ocrx_word' id='word_1_188' title='bbox 1093 2202 1100 2252; x_wconf 90' lang='lat'>;</span> <span class='ocrx_word' id='word_1_189' title='bbox 1123 2187 1262 2253; x_wconf 85' lang='lat' dir='ltr'>simulque</span> <span class='ocrx_word' id='word_1_190' title='bbox 1284 2192 1388 2240; x_wconf 78' lang='lat' dir='ltr'>sanctm</span> <span class='ocrx_word' id='word_1_191' title='bbox 1404 2179 1464 2237; x_wconf 69' lang='lat' dir='ltr'>enit</span> <span class='ocrx_word' id='word_1_192' title='bbox 1528 2252 1530 2256; x_wconf 23' lang='grc' dir='ltr'>Ι</span> 
     </span>
     <span class='ocr_line' id='line_1_20' title="bbox 273 2277 1530 2354; baseline 0.003 -19"><span class='ocrx_word' id='word_1_193' title='bbox 273 2284 400 2351; x_wconf 91' lang='lat' dir='ltr'>imposito</span> <span class='ocrx_word' id='word_1_194' title='bbox 420 2284 587 2338; x_wconf 86' lang='lat' dir='ltr'>confirmans</span> <span class='ocrx_word' id='word_1_195' title='bbox 611 2287 751 2340; x_wconf 90' lang='lat' dir='ltr'>bominem</span> <span class='ocrx_word' id='word_1_196' title='bbox 772 2285 923 2354; x_wconf 86' lang='lat' dir='ltr'>signaculo.</span> <span class='ocrx_word' id='word_1_197' title='bbox 935 2289 990 2340; x_wconf 83' lang='lat' dir='ltr'>Nec</span> <span class='ocrx_word' id='word_1_198' title='bbox 1009 2300 1095 2351; x_wconf 90' lang='lat' dir='ltr'>mora,</span> <span class='ocrx_word' id='word_1_199' title='bbox 1109 2294 1223 2340; x_wconf 89' lang='lat' dir='ltr'>sanatus</span> <span class='ocrx_word' id='word_1_200' title='bbox 1240 2293 1282 2340; x_wconf 89' lang='lat' dir='ltr'>est</span> <span class='ocrx_word' id='word_1_201' title='bbox 1302 2287 1356 2351; x_wconf 86' lang='lat' dir='ltr'>ille,</span> <span class='ocrx_word' id='word_1_202' title='bbox 1368 2277 1464 2338; x_wconf 74' lang='lat' dir='ltr'>libaid</span> <span class='ocrx_word' id='word_1_203' title='bbox 1528 2324 1530 2339; x_wconf 56' lang='lat'><em>2</em></span> 
     </span>
     <span class='ocr_line' id='line_1_21' title="bbox 273 2372 1494 2453; baseline 0 -18"><span class='ocrx_word' id='word_1_204' title='bbox 273 2383 407 2450; x_wconf 87' lang='lat' dir='ltr'>redditus,</span> <span class='ocrx_word' id='word_1_205' title='bbox 420 2385 467 2451; x_wconf 84' lang='lat' dir='ltr'>qui</span> <span class='ocrx_word' id='word_1_206' title='bbox 480 2386 560 2451; x_wconf 92' lang='lat' dir='ltr'>pauto</span> <span class='ocrx_word' id='word_1_207' title='bbox 573 2391 636 2439; x_wconf 87' lang='lat' dir='ltr'>ante</span> <span class='ocrx_word' id='word_1_208' title='bbox 648 2387 737 2440; x_wconf 89' lang='lat' dir='ltr'>fuerat</span> <span class='ocrx_word' id='word_1_209' title='bbox 751 2400 766 2439; x_wconf 87' lang='lat' dir='ltr'>a</span> <span class='ocrx_word' id='word_1_210' title='bbox 780 2400 810 2440; x_wconf 90' lang='lat' dir='ltr'>se</span> <span class='ocrx_word' id='word_1_211' title='bbox 823 2387 939 2441; x_wconf 86' lang='lat' dir='ltr'>alienus.</span> <span class='ocrx_word' id='word_1_212' title='bbox 953 2387 1001 2440; x_wconf 83' lang='lat' dir='ltr'>cui</span> <span class='ocrx_word' id='word_1_213' title='bbox 1021 2387 1063 2439; x_wconf 89' lang='lat' dir='ltr'>vir</span> <span class='ocrx_word' id='word_1_214' title='bbox 1080 2386 1188 2440; x_wconf 88' lang='lat' dir='ltr'>bomini</span> <span class='ocrx_word' id='word_1_215' title='bbox 1208 2390 1304 2439; x_wconf 88' lang='lat' dir='ltr'>sanato</span> <span class='ocrx_word' id='word_1_216' title='bbox 1322 2372 1494 2453; x_wconf 68' lang='lat' dir='ltr'>praecipiens!</span> 
     </span>
     <span class='ocr_line' id='line_1_22' title="bbox 274 2481 1468 2557; baseline -0.005 -21"><span class='ocrx_word' id='word_1_217' title='bbox 274 2483 377 2537; x_wconf 89' lang='lat' dir='ltr'>eisdem</span> <span class='ocrx_word' id='word_1_218' title='bbox 402 2490 568 2539; x_wconf 88' lang='lat' dir='ltr'>contestatus</span> <span class='ocrx_word' id='word_1_219' title='bbox 593 2486 691 2539; x_wconf 85' lang='lat' dir='ltr'>indixit</span> <span class='ocrx_word' id='word_1_220' title='bbox 715 2485 815 2551; x_wconf 88' lang='lat' dir='ltr'>verbis,</span> <span class='ocrx_word' id='word_1_221' title='bbox 837 2499 892 2557; x_wconf 85' lang='lat' dir='ltr'>quo</span> <span class='ocrx_word' id='word_1_222' title='bbox 916 2486 1032 2539; x_wconf 90' lang='lat' dir='ltr'>ceterius</span> <span class='ocrx_word' id='word_1_223' title='bbox 1056 2486 1155 2539; x_wconf 89' lang='lat' dir='ltr'>urbem</span> <span class='ocrx_word' id='word_1_224' title='bbox 1179 2486 1338 2554; x_wconf 87' lang='lat' dir='ltr'>ingrediens</span> <span class='ocrx_word' id='word_1_225' title='bbox 1359 2481 1468 2538; x_wconf 80' lang='lat' dir='ltr'>adnuntiet</span> 
     </span>
     <span class='ocr_line' id='line_1_23' title="bbox 274 2582 1469 2653; baseline -0.003 -17"><span class='ocrx_word' id='word_1_226' title='bbox 274 2584 477 2638; x_wconf 86' lang='lat' dir='ltr'>omnibustesu</span> <span class='ocrx_word' id='word_1_227' title='bbox 490 2586 588 2638; x_wconf 85' lang='lat' dir='ltr'>christi</span> <span class='ocrx_word' id='word_1_228' title='bbox 612 2586 748 2639; x_wconf 84' lang='lat' dir='ltr'>mirabilia</span> <span class='ocrx_word' id='word_1_229' title='bbox 769 2587 798 2638; x_wconf 89' lang='lat' dir='ltr'>in</span> <span class='ocrx_word' id='word_1_230' title='bbox 818 2586 964 2653; x_wconf 88' lang='lat' dir='ltr'>semetipso</span> <span class='ocrx_word' id='word_1_231' title='bbox 985 2585 1116 2638; x_wconf 90' lang='lat' dir='ltr'>divinitus</span> <span class='ocrx_word' id='word_1_232' title='bbox 1136 2590 1259 2652; x_wconf 90' lang='lat' dir='ltr'>operata,</span> <span class='ocrx_word' id='word_1_233' title='bbox 1273 2588 1296 2638; x_wconf 90' lang='lat' dir='ltr'>si</span> <span class='ocrx_word' id='word_1_234' title='bbox 1309 2586 1374 2640; x_wconf 88' lang='lat' dir='ltr'>forte</span> <span class='ocrx_word' id='word_1_235' title='bbox 1388 2582 1469 2635; x_wconf 81' lang='lat' dir='ltr'>vidant</span> 
     </span>
     <span class='ocr_line' id='line_1_24' title="bbox 274 2683 1468 2752; baseline 0 -18"><span class='ocrx_word' id='word_1_236' title='bbox 274 2683 355 2735; x_wconf 91' lang='lat' dir='ltr'>simul</span> <span class='ocrx_word' id='word_1_237' title='bbox 368 2689 395 2736; x_wconf 91' lang='lat' dir='ltr'>et</span> <span class='ocrx_word' id='word_1_238' title='bbox 407 2684 566 2752; x_wconf 77' lang='lat' dir='ltr'>intellegant</span> <span class='ocrx_word' id='word_1_239' title='bbox 578 2691 605 2737; x_wconf 96' lang='lat' dir='ltr'>et</span> <span class='ocrx_word' id='word_1_240' title='bbox 617 2685 766 2752; x_wconf 87' lang='lat' dir='ltr'>recogitent</span> <span class='ocrx_word' id='word_1_241' title='bbox 778 2685 842 2752; x_wconf 85' lang='lat' dir='ltr'>quia</span> <span class='ocrx_word' id='word_1_242' title='bbox 860 2686 992 2749; x_wconf 76' lang='lat' dir='ltr'>cbristus,</span> <span class='ocrx_word' id='word_1_243' title='bbox 1005 2698 1088 2752; x_wconf 85' lang='lat' dir='ltr'>quem</span> <span class='ocrx_word' id='word_1_244' title='bbox 1107 2685 1250 2738; x_wconf 85' lang='lat' dir='ltr'>christiani</span> <span class='ocrx_word' id='word_1_245' title='bbox 1272 2685 1388 2739; x_wconf 83' lang='lat' dir='ltr'>colentes</span> <span class='ocrx_word' id='word_1_246' title='bbox 1400 2691 1468 2734; x_wconf 83' lang='lat' dir='ltr'>vend</span> 
     </span>
     <span class='ocr_line' id='line_1_25' title="bbox 274 2778 1471 2850; baseline 0.003 -15"><span class='ocrx_word' id='word_1_247' title='bbox 274 2785 358 2836; x_wconf 83' lang='lat' dir='ltr'>Deum</span> <span class='ocrx_word' id='word_1_248' title='bbox 371 2783 541 2850; x_wconf 86' lang='lat' dir='ltr'>praedicant,</span> <span class='ocrx_word' id='word_1_249' title='bbox 555 2786 612 2850; x_wconf 90' lang='lat' dir='ltr'>ipse</span> <span class='ocrx_word' id='word_1_250' title='bbox 633 2790 674 2838; x_wconf 92' lang='lat' dir='ltr'>est</span> <span class='ocrx_word' id='word_1_251' title='bbox 694 2786 818 2839; x_wconf 91' lang='lat' dir='ltr'>omniurn</span> <span class='ocrx_word' id='word_1_252' title='bbox 842 2783 870 2836; x_wconf 95' lang='lat' dir='ltr'>in</span> <span class='ocrx_word' id='word_1_253' title='bbox 890 2798 919 2837; x_wconf 90' lang='lat' dir='ltr'>se</span> <span class='ocrx_word' id='word_1_254' title='bbox 937 2785 1106 2838; x_wconf 87' lang='lat' dir='ltr'>credentium</span> <span class='ocrx_word' id='word_1_255' title='bbox 1125 2785 1247 2838; x_wconf 89' lang='lat' dir='ltr'>salvator</span> <span class='ocrx_word' id='word_1_256' title='bbox 1259 2785 1288 2838; x_wconf 93' lang='lat' dir='ltr'>in</span> <span class='ocrx_word' id='word_1_257' title='bbox 1301 2783 1409 2844; x_wconf 70' lang='lat' dir='ltr'>memb.</span> <span class='ocrx_word' id='word_1_258' title='bbox 1420 2778 1471 2833; x_wconf 81' lang='lat' dir='ltr'>idota</span> 
     </span>
     <span class='ocr_line' id='line_1_26' title="bbox 272 2872 1504 2952; baseline -0.001 -17"><span class='ocrx_word' id='word_1_259' title='bbox 272 2894 336 2936; x_wconf 84' lang='lat' dir='ltr'>vero</span> <span class='ocrx_word' id='word_1_260' title='bbox 348 2882 424 2951; x_wconf 91' lang='lat' dir='ltr'>falsa,</span> <span class='ocrx_word' id='word_1_261' title='bbox 438 2885 572 2951; x_wconf 81' lang='lat' dir='ltr'>cujusque</span> <span class='ocrx_word' id='word_1_262' title='bbox 584 2885 685 2938; x_wconf 88' lang='lat' dir='ltr'>metalli</span> <span class='ocrx_word' id='word_1_263' title='bbox 699 2886 789 2938; x_wconf 89' lang='lat' dir='ltr'>forent</span> <span class='ocrx_word' id='word_1_264' title='bbox 805 2884 967 2952; x_wconf 90' lang='lat' dir='ltr'>substantia,</span> <span class='ocrx_word' id='word_1_265' title='bbox 982 2897 1037 2937; x_wconf 92' lang='lat' dir='ltr'>non</span> <span class='ocrx_word' id='word_1_266' title='bbox 1055 2884 1145 2938; x_wconf 91' lang='lat' dir='ltr'>solum</span> <span class='ocrx_word' id='word_1_267' title='bbox 1163 2897 1221 2938; x_wconf 94' lang='lat' dir='ltr'>non</span> <span class='ocrx_word' id='word_1_268' title='bbox 1239 2898 1301 2938; x_wconf 88' lang='lat' dir='ltr'>esse</span> <span class='ocrx_word' id='word_1_269' title='bbox 1319 2884 1389 2945; x_wconf 86' lang='lat' dir='ltr'>deos,</span> <span class='ocrx_word' id='word_1_270' title='bbox 1401 2872 1504 2934; x_wconf 61' lang='lat' dir='ltr'>vuudss</span> 
     </span>
     <span class='ocr_line' id='line_1_27' title="bbox 272 2981 1038 3049; baseline 0 -16"><span class='ocrx_word' id='word_1_271' title='bbox 272 2982 353 3033; x_wconf 89' lang='lat' dir='ltr'>etiam</span> <span class='ocrx_word' id='word_1_272' title='bbox 366 2981 512 3036; x_wconf 88' lang='lat' dir='ltr'>daemonia</span> <span class='ocrx_word' id='word_1_273' title='bbox 526 2984 655 3049; x_wconf 89' lang='lat' dir='ltr'>pessima,</span> <span class='ocrx_word' id='word_1_274' title='bbox 669 2983 748 3036; x_wconf 87' lang='lat' dir='ltr'>satuti</span> <span class='ocrx_word' id='word_1_275' title='bbox 762 2984 905 3037; x_wconf 83' lang='lat' dir='ltr'>bominum</span> <span class='ocrx_word' id='word_1_276' title='bbox 918 2984 1038 3037; x_wconf 90' lang='lat' dir='ltr'>inimice.</span> 
     </span>
    </p>

    <p class='ocr_par' dir='ltr' id='par_1_6' title="bbox 269 3079 1530 4443">
     <span class='ocr_line' id='line_1_28' title="bbox 304 3079 1477 3150; baseline 0.001 -16"><span class='ocrx_word' id='word_1_277' title='bbox 304 3081 336 3135; x_wconf 80' lang='grc'>6.</span> <span class='ocrx_word' id='word_1_278' title='bbox 355 3083 438 3149; x_wconf 86' lang='lat' dir='ltr'>lgftur</span> <span class='ocrx_word' id='word_1_279' title='bbox 458 3083 586 3136; x_wconf 88' lang='lat' dir='ltr'>universa</span> <span class='ocrx_word' id='word_1_280' title='bbox 608 3088 668 3148; x_wconf 89' lang='lat' dir='ltr'>post</span> <span class='ocrx_word' id='word_1_281' title='bbox 690 3084 758 3136; x_wconf 88' lang='lat' dir='ltr'>baec</span> <span class='ocrx_word' id='word_1_282' title='bbox 779 3083 883 3146; x_wconf 88' lang='lat' dir='ltr'>civitas,</span> <span class='ocrx_word' id='word_1_283' title='bbox 896 3081 1020 3149; x_wconf 83' lang='lat' dir='ltr'>ejusdem</span> <span class='ocrx_word' id='word_1_284' title='bbox 1041 3083 1079 3136; x_wconf 89' lang='lat' dir='ltr'>rei</span> <span class='ocrx_word' id='word_1_285' title='bbox 1101 3096 1173 3150; x_wconf 85' lang='lat' dir='ltr'>quae</span> <span class='ocrx_word' id='word_1_286' title='bbox 1193 3085 1333 3138; x_wconf 89' lang='lat' dir='ltr'>acciderat</span> <span class='ocrx_word' id='word_1_287' title='bbox 1352 3079 1477 3148; x_wconf 72' lang='lat' dir='ltr'>stupefacti</span> 
     </span>
     <span class='ocr_line' id='line_1_29' title="bbox 271 3179 1477 3250; baseline 0.001 -18"><span class='ocrx_word' id='word_1_288' title='bbox 271 3180 394 3249; x_wconf 91' lang='lat' dir='ltr'>prodigio</span> <span class='ocrx_word' id='word_1_289' title='bbox 407 3181 441 3235; x_wconf 94' lang='lat' dir='ltr'>de</span> <span class='ocrx_word' id='word_1_290' title='bbox 455 3181 561 3235; x_wconf 87' lang='lat' dir='ltr'>reddita</span> <span class='ocrx_word' id='word_1_291' title='bbox 577 3182 674 3249; x_wconf 84' lang='lat' dir='ltr'>utique</span> <span class='ocrx_word' id='word_1_292' title='bbox 686 3183 789 3236; x_wconf 92' lang='lat' dir='ltr'>bomini</span> <span class='ocrx_word' id='word_1_293' title='bbox 803 3183 934 3249; x_wconf 89' lang='lat' dir='ltr'>sospitate</span> <span class='ocrx_word' id='word_1_294' title='bbox 945 3182 1017 3235; x_wconf 90' lang='lat' dir='ltr'>beati</span> <span class='ocrx_word' id='word_1_295' title='bbox 1036 3183 1150 3236; x_wconf 86' lang='lat' dir='ltr'>btaurini</span> <span class='ocrx_word' id='word_1_296' title='bbox 1170 3184 1332 3237; x_wconf 88' lang='lat' dir='ltr'>meritorum</span> <span class='ocrx_word' id='word_1_297' title='bbox 1350 3179 1477 3250; x_wconf 82' lang='lat' dir='ltr'>juramine.</span> 
     </span>
     <span class='ocr_line' id='line_1_30' title="bbox 269 3281 1479 3349; baseline -0.002 -15"><span class='ocrx_word' id='word_1_298' title='bbox 269 3286 437 3334; x_wconf 86' lang='lat' dir='ltr'>concurrunt</span> <span class='ocrx_word' id='word_1_299' title='bbox 449 3294 546 3334; x_wconf 89' lang='lat' dir='ltr'>omnes</span> <span class='ocrx_word' id='word_1_300' title='bbox 557 3283 681 3335; x_wconf 86' lang='lat' dir='ltr'>certatim</span> <span class='ocrx_word' id='word_1_301' title='bbox 693 3281 727 3334; x_wconf 89' lang='lat' dir='ltr'>ad</span> <span class='ocrx_word' id='word_1_302' title='bbox 741 3282 937 3346; x_wconf 85' lang='lat' dir='ltr'>spectaculum,</span> <span class='ocrx_word' id='word_1_303' title='bbox 956 3295 1065 3335; x_wconf 89' lang='lat' dir='ltr'>necnon</span> <span class='ocrx_word' id='word_1_304' title='bbox 1078 3281 1232 3349; x_wconf 90' lang='lat' dir='ltr'>principem</span> <span class='ocrx_word' id='word_1_305' title='bbox 1245 3283 1333 3348; x_wconf 88' lang='lat' dir='ltr'>ipsius</span> <span class='ocrx_word' id='word_1_306' title='bbox 1346 3281 1404 3348; x_wconf 87' lang='lat' dir='ltr'>toci,</span> <span class='ocrx_word' id='word_1_307' title='bbox 1412 3290 1479 3348; x_wconf 77' lang='lat' dir='ltr'>qued</span> 
     </span>
     <span class='ocr_line' id='line_1_31' title="bbox 272 3370 1514 3451; baseline -0.002 -17"><span class='ocrx_word' id='word_1_308' title='bbox 272 3381 358 3434; x_wconf 89' lang='lat' dir='ltr'>sancti</span> <span class='ocrx_word' id='word_1_309' title='bbox 372 3382 426 3433; x_wconf 90' lang='lat' dir='ltr'>viri</span> <span class='ocrx_word' id='word_1_310' title='bbox 438 3381 467 3433; x_wconf 95' lang='lat' dir='ltr'>in</span> <span class='ocrx_word' id='word_1_311' title='bbox 480 3382 667 3447; x_wconf 87' lang='lat' dir='ltr'>superioribus</span> <span class='ocrx_word' id='word_1_312' title='bbox 680 3387 784 3448; x_wconf 89' lang='lat' dir='ltr'>patrem</span> <span class='ocrx_word' id='word_1_313' title='bbox 796 3382 1017 3447; x_wconf 87' lang='lat' dir='ltr'>memoravimus,</span> <span class='ocrx_word' id='word_1_314' title='bbox 1030 3382 1203 3435; x_wconf 89' lang='lat' dir='ltr'>conveniunt</span> <span class='ocrx_word' id='word_1_315' title='bbox 1215 3383 1363 3451; x_wconf 81' lang='lat' dir='ltr'>Eutieium,</span> <span class='ocrx_word' id='word_1_316' title='bbox 1375 3383 1419 3450; x_wconf 85' lang='lat' dir='ltr'>qui</span> <span class='ocrx_word' id='word_1_317' title='bbox 1430 3370 1514 3432; x_wconf 63' lang='lat' dir='ltr'>tunt!</span> 
     </span>
     <span class='ocr_line' id='line_1_32' title="bbox 271 3476 1530 3563; baseline -0.002 -29"><span class='ocrx_word' id='word_1_318' title='bbox 271 3482 402 3546; x_wconf 88' lang='lat' dir='ltr'>temporis</span> <span class='ocrx_word' id='word_1_319' title='bbox 424 3481 475 3533; x_wconf 91' lang='lat' dir='ltr'>sub</span> <span class='ocrx_word' id='word_1_320' title='bbox 496 3482 616 3547; x_wconf 83' lang='lat' dir='ltr'>quodam</span> <span class='ocrx_word' id='word_1_321' title='bbox 641 3495 704 3548; x_wconf 87' lang='lat' dir='ltr'>rege</span> <span class='ocrx_word' id='word_1_322' title='bbox 725 3482 976 3548; x_wconf 85' lang='lat' dir='ltr'>Lectoranensium,</span> <span class='ocrx_word' id='word_1_323' title='bbox 990 3479 1149 3534; x_wconf 82' lang='lat' dir='ltr'>vualduano</span> <span class='ocrx_word' id='word_1_324' title='bbox 1171 3482 1296 3547; x_wconf 88' lang='lat' dir='ltr'>nomine,</span> <span class='ocrx_word' id='word_1_325' title='bbox 1309 3482 1338 3535; x_wconf 91' lang='lat' dir='ltr'>in</span> <span class='ocrx_word' id='word_1_326' title='bbox 1356 3476 1483 3551; x_wconf 64' lang='lat' dir='ltr'>amnuens</span> <span class='ocrx_word' id='word_1_327' title='bbox 1527 3518 1530 3563; x_wconf 71' lang='lat'>,</span> 
     </span>
     <span class='ocr_line' id='line_1_33' title="bbox 272 3576 1530 3650; baseline 0.001 -17"><span class='ocrx_word' id='word_1_328' title='bbox 272 3581 341 3634; x_wconf 88' lang='lat' dir='ltr'>urbe</span> <span class='ocrx_word' id='word_1_329' title='bbox 354 3581 552 3647; x_wconf 79' lang='lat' dir='ltr'>praefecturam</span> <span class='ocrx_word' id='word_1_330' title='bbox 565 3595 645 3649; x_wconf 90' lang='lat' dir='ltr'>agere</span> <span class='ocrx_word' id='word_1_331' title='bbox 658 3581 811 3635; x_wconf 87' lang='lat' dir='ltr'>videbatur.</span> <span class='ocrx_word' id='word_1_332' title='bbox 825 3584 851 3634; x_wconf 89' lang='lat' dir='ltr'>ts</span> <span class='ocrx_word' id='word_1_333' title='bbox 864 3593 983 3648; x_wconf 87' lang='lat' dir='ltr'>namquo</span> <span class='ocrx_word' id='word_1_334' title='bbox 1000 3593 1033 3635; x_wconf 86' lang='lat' dir='ltr'>eo</span> <span class='ocrx_word' id='word_1_335' title='bbox 1046 3582 1097 3635; x_wconf 90' lang='lat' dir='ltr'>sub</span> <span class='ocrx_word' id='word_1_336' title='bbox 1110 3587 1235 3647; x_wconf 89' lang='lat' dir='ltr'>tempore</span> <span class='ocrx_word' id='word_1_337' title='bbox 1253 3582 1408 3650; x_wconf 76' lang='lat' dir='ltr'>religiosam</span> <span class='ocrx_word' id='word_1_338' title='bbox 1417 3587 1484 3648; x_wconf 66' lang='lat' dir='ltr'>metti</span> <span class='ocrx_word' id='word_1_339' title='bbox 1528 3576 1530 3641; x_wconf 71' lang='grc' dir='ltr'>ζ</span> 
     </span>
     <span class='ocr_line' id='line_1_34' title="bbox 271 3679 1485 3747; baseline -0.004 -12"><span class='ocrx_word' id='word_1_340' title='bbox 271 3681 364 3747; x_wconf 89' lang='lat' dir='ltr'>vitam,</span> <span class='ocrx_word' id='word_1_341' title='bbox 379 3680 441 3734; x_wconf 89' lang='lat' dir='ltr'>licet</span> <span class='ocrx_word' id='word_1_342' title='bbox 454 3682 653 3747; x_wconf 90' lang='lat' dir='ltr'>persecutionis</span> <span class='ocrx_word' id='word_1_343' title='bbox 667 3686 741 3734; x_wconf 90' lang='lat' dir='ltr'>metu</span> <span class='ocrx_word' id='word_1_344' title='bbox 753 3682 885 3744; x_wconf 89' lang='lat' dir='ltr'>occultus,</span> <span class='ocrx_word' id='word_1_345' title='bbox 899 3685 971 3734; x_wconf 91' lang='lat' dir='ltr'>totus</span> <span class='ocrx_word' id='word_1_346' title='bbox 991 3688 1083 3734; x_wconf 86' lang='lat' dir='ltr'>tamen</span> <span class='ocrx_word' id='word_1_347' title='bbox 1105 3681 1134 3733; x_wconf 92' lang='lat' dir='ltr'>in</span> <span class='ocrx_word' id='word_1_348' title='bbox 1152 3679 1208 3734; x_wconf 87' lang='lat' dir='ltr'>fide</span> <span class='ocrx_word' id='word_1_349' title='bbox 1224 3682 1335 3736; x_wconf 87' lang='lat' dir='ltr'>vivebat</span> <span class='ocrx_word' id='word_1_350' title='bbox 1345 3680 1485 3735; x_wconf 72' lang='lat' dir='ltr'>catboiieut</span> 
     </span>
     <span class='ocr_line' id='line_1_35' title="bbox 271 3776 1530 3849; baseline -0.004 -17"><span class='ocrx_word' id='word_1_351' title='bbox 271 3780 417 3833; x_wconf 85' lang='lat' dir='ltr'>tamenim</span> <span class='ocrx_word' id='word_1_352' title='bbox 431 3781 526 3833; x_wconf 91' lang='lat' dir='ltr'>insana</span> <span class='ocrx_word' id='word_1_353' title='bbox 549 3781 662 3847; x_wconf 88' lang='lat' dir='ltr'>praelati</span> <span class='ocrx_word' id='word_1_354' title='bbox 683 3781 754 3849; x_wconf 87' lang='lat' dir='ltr'>regis</span> <span class='ocrx_word' id='word_1_355' title='bbox 774 3781 909 3833; x_wconf 88' lang='lat' dir='ltr'>sententia</span> <span class='ocrx_word' id='word_1_356' title='bbox 927 3780 1141 3846; x_wconf 80' lang='lat' dir='ltr'>conspiraverat,</span> <span class='ocrx_word' id='word_1_357' title='bbox 1153 3786 1184 3833; x_wconf 90' lang='lat' dir='ltr'>ut</span> <span class='ocrx_word' id='word_1_358' title='bbox 1197 3781 1288 3834; x_wconf 89' lang='lat' dir='ltr'>sicubi</span> <span class='ocrx_word' id='word_1_359' title='bbox 1300 3779 1422 3848; x_wconf 84' lang='lat' dir='ltr'>ejusdem</span> <span class='ocrx_word' id='word_1_360' title='bbox 1438 3776 1487 3831; x_wconf 85' lang='lat' dir='ltr'>reti</span> <span class='ocrx_word' id='word_1_361' title='bbox 1528 3806 1530 3819; x_wconf 91' lang='lat'>.</span> 
     </span>
     <span class='ocr_line' id='line_1_36' title="bbox 271 3868 1530 3948; baseline -0.001 -18"><span class='ocrx_word' id='word_1_362' title='bbox 271 3878 366 3946; x_wconf 89' lang='lat' dir='ltr'>giones</span> <span class='ocrx_word' id='word_1_363' title='bbox 388 3879 508 3933; x_wconf 87' lang='lat' dir='ltr'>fautores</span> <span class='ocrx_word' id='word_1_364' title='bbox 532 3881 734 3948; x_wconf 87' lang='lat' dir='ltr'>invenirentur,</span> <span class='ocrx_word' id='word_1_365' title='bbox 759 3879 832 3933; x_wconf 90' lang='lat' dir='ltr'>ferro</span> <span class='ocrx_word' id='word_1_366' title='bbox 855 3881 946 3933; x_wconf 90' lang='lat' dir='ltr'>statim</span> <span class='ocrx_word' id='word_1_367' title='bbox 969 3885 1016 3932; x_wconf 92' lang='lat' dir='ltr'>aut</span> <span class='ocrx_word' id='word_1_368' title='bbox 1039 3879 1148 3947; x_wconf 89' lang='lat' dir='ltr'>ignibus</span> <span class='ocrx_word' id='word_1_369' title='bbox 1170 3885 1357 3946; x_wconf 86' lang='lat' dir='ltr'>necarentur,</span> <span class='ocrx_word' id='word_1_370' title='bbox 1382 3868 1530 3947; x_wconf 63' lang='lat' dir='ltr'>spiraverit!l</span> 
     </span>
     <span class='ocr_line' id='line_1_37' title="bbox 271 3979 1491 4048; baseline -0.001 -17"><span class='ocrx_word' id='word_1_371' title='bbox 271 3979 387 4032; x_wconf 85' lang='lat' dir='ltr'>Romani</span> <span class='ocrx_word' id='word_1_372' title='bbox 397 3980 471 4032; x_wconf 95' lang='lat' dir='ltr'>orbis</span> <span class='ocrx_word' id='word_1_373' title='bbox 480 3980 636 4046; x_wconf 88' lang='lat' dir='ltr'>imperium,</span> <span class='ocrx_word' id='word_1_374' title='bbox 647 3981 721 4046; x_wconf 84' lang='lat' dir='ltr'>quod</span> <span class='ocrx_word' id='word_1_375' title='bbox 736 3981 787 4033; x_wconf 91' lang='lat' dir='ltr'>sub</span> <span class='ocrx_word' id='word_1_376' title='bbox 798 3981 952 4034; x_wconf 77' lang='lat' dir='ltr'>iustiniano</span> <span class='ocrx_word' id='word_1_377' title='bbox 964 3984 1080 4034; x_wconf 86' lang='lat' dir='ltr'>eatenus</span> <span class='ocrx_word' id='word_1_378' title='bbox 1090 3979 1199 4033; x_wconf 89' lang='lat' dir='ltr'>seniore</span> <span class='ocrx_word' id='word_1_379' title='bbox 1210 3979 1343 4034; x_wconf 84' lang='lat' dir='ltr'>nobiliter</span> <span class='ocrx_word' id='word_1_380' title='bbox 1352 3979 1491 4048; x_wconf 80' lang='lat' dir='ltr'>regebatur.</span> 
     </span>
     <span class='ocr_line' id='line_1_38' title="bbox 272 4076 1495 4147; baseline 0 -17"><span class='ocrx_word' id='word_1_381' title='bbox 272 4091 329 4130; x_wconf 92' lang='lat' dir='ltr'>non</span> <span class='ocrx_word' id='word_1_382' title='bbox 341 4078 534 4131; x_wconf 77' lang='lat' dir='ltr'>inclementius</span> <span class='ocrx_word' id='word_1_383' title='bbox 547 4092 610 4147; x_wconf 87' lang='lat' dir='ltr'>erga</span> <span class='ocrx_word' id='word_1_384' title='bbox 622 4079 786 4132; x_wconf 87' lang='lat' dir='ltr'>christianos</span> <span class='ocrx_word' id='word_1_385' title='bbox 798 4093 878 4147; x_wconf 89' lang='lat' dir='ltr'>agere</span> <span class='ocrx_word' id='word_1_386' title='bbox 890 4079 1038 4133; x_wconf 89' lang='lat' dir='ltr'>videretur.</span> <span class='ocrx_word' id='word_1_387' title='bbox 1064 4078 1210 4132; x_wconf 80' lang='lat' dir='ltr'>linimvero</span> <span class='ocrx_word' id='word_1_388' title='bbox 1222 4076 1298 4132; x_wconf 88' lang='lat' dir='ltr'>idem</span> <span class='ocrx_word' id='word_1_389' title='bbox 1317 4078 1439 4133; x_wconf 81' lang='lat' dir='ltr'>liuticios</span> <span class='ocrx_word' id='word_1_390' title='bbox 1448 4085 1495 4130; x_wconf 81' lang='lat' dir='ltr'>unt</span> 
     </span>
     <span class='ocr_line' id='line_1_39' title="bbox 272 4176 1496 4247; baseline 0 -18"><span class='ocrx_word' id='word_1_391' title='bbox 272 4191 334 4230; x_wconf 92' lang='lat' dir='ltr'>cum</span> <span class='ocrx_word' id='word_1_392' title='bbox 348 4178 407 4230; x_wconf 90' lang='lat' dir='ltr'>aliis</span> <span class='ocrx_word' id='word_1_393' title='bbox 419 4189 579 4246; x_wconf 89' lang='lat' dir='ltr'>progressus</span> <span class='ocrx_word' id='word_1_394' title='bbox 600 4178 635 4230; x_wconf 88' lang='lat' dir='ltr'>ad</span> <span class='ocrx_word' id='word_1_395' title='bbox 655 4179 849 4247; x_wconf 81' lang='lat' dir='ltr'>spectaculum,</span> <span class='ocrx_word' id='word_1_396' title='bbox 863 4180 910 4233; x_wconf 94' lang='lat' dir='ltr'>ubi</span> <span class='ocrx_word' id='word_1_397' title='bbox 931 4179 1066 4246; x_wconf 89' lang='lat' dir='ltr'>comperit</span> <span class='ocrx_word' id='word_1_398' title='bbox 1085 4179 1132 4232; x_wconf 86' lang='lat' dir='ltr'>bei</span> <span class='ocrx_word' id='word_1_399' title='bbox 1145 4176 1295 4241; x_wconf 89' lang='lat' dir='ltr'>famulum,</span> <span class='ocrx_word' id='word_1_400' title='bbox 1310 4193 1394 4233; x_wconf 89' lang='lat' dir='ltr'>suum</span> <span class='ocrx_word' id='word_1_401' title='bbox 1411 4176 1496 4232; x_wconf 80' lang='lat' dir='ltr'>bibito</span> 
     </span>
     <span class='ocr_line' id='line_1_40' title="bbox 272 4276 1498 4346; baseline -0.001 -17"><span class='ocrx_word' id='word_1_402' title='bbox 272 4277 364 4330; x_wconf 91' lang='lat' dir='ltr'>minus</span> <span class='ocrx_word' id='word_1_403' title='bbox 377 4276 472 4342; x_wconf 87' lang='lat' dir='ltr'>tilium,</span> <span class='ocrx_word' id='word_1_404' title='bbox 486 4277 519 4330; x_wconf 90' lang='lat' dir='ltr'>ad</span> <span class='ocrx_word' id='word_1_405' title='bbox 533 4278 642 4343; x_wconf 90' lang='lat' dir='ltr'>propria</span> <span class='ocrx_word' id='word_1_406' title='bbox 655 4290 801 4343; x_wconf 88' lang='lat' dir='ltr'>remeasse,</span> <span class='ocrx_word' id='word_1_407' title='bbox 815 4277 969 4331; x_wconf 89' lang='lat' dir='ltr'>incredibili</span> <span class='ocrx_word' id='word_1_408' title='bbox 982 4279 1104 4344; x_wconf 88' lang='lat' dir='ltr'>repletus</span> <span class='ocrx_word' id='word_1_409' title='bbox 1120 4282 1161 4331; x_wconf 88' lang='lat' dir='ltr'>est</span> <span class='ocrx_word' id='word_1_410' title='bbox 1171 4277 1287 4344; x_wconf 91' lang='lat' dir='ltr'>gaudio,</span> <span class='ocrx_word' id='word_1_411' title='bbox 1300 4280 1361 4334; x_wconf 87' lang='lat' dir='ltr'>sive</span> <span class='ocrx_word' id='word_1_412' title='bbox 1373 4280 1409 4334; x_wconf 94' lang='lat' dir='ltr'>ob</span> <span class='ocrx_word' id='word_1_413' title='bbox 1423 4277 1498 4346; x_wconf 86' lang='lat' dir='ltr'>ipsius</span> 
     </span>
     <span class='ocr_line' id='line_1_41' title="bbox 272 4376 1353 4443; baseline 0.003 -14"><span class='ocrx_word' id='word_1_414' title='bbox 272 4377 391 4430; x_wconf 84' lang='lat' dir='ltr'>reditum</span> <span class='ocrx_word' id='word_1_415' title='bbox 403 4391 451 4430; x_wconf 91' lang='lat' dir='ltr'>seu</span> <span class='ocrx_word' id='word_1_416' title='bbox 465 4382 539 4430; x_wconf 89' lang='lat' dir='ltr'>certe</span> <span class='ocrx_word' id='word_1_417' title='bbox 551 4376 586 4431; x_wconf 92' lang='lat' dir='ltr'>ob</span> <span class='ocrx_word' id='word_1_418' title='bbox 599 4378 754 4443; x_wconf 86' lang='lat' dir='ltr'>hujusmodi</span> <span class='ocrx_word' id='word_1_419' title='bbox 768 4377 898 4430; x_wconf 90' lang='lat' dir='ltr'>divinitus</span> <span class='ocrx_word' id='word_1_420' title='bbox 910 4383 1000 4431; x_wconf 91' lang='lat' dir='ltr'>actum</span> <span class='ocrx_word' id='word_1_421' title='bbox 1012 4378 1154 4431; x_wconf 88' lang='lat' dir='ltr'>abeodem</span> <span class='ocrx_word' id='word_1_422' title='bbox 1167 4377 1353 4432; x_wconf 86' lang='lat' dir='ltr'>miraculum.</span> 
     </span>
    </p>

    <p class='ocr_par' dir='ltr' id='par_1_7' title="bbox 270 4476 1502 4645">
     <span class='ocr_line' id='line_1_42' title="bbox 305 4476 1501 4544; baseline 0.001 -14"><span class='ocrx_word' id='word_1_423' title='bbox 305 4479 336 4530; x_wconf 82' lang='grc'>’1.</span> <span class='ocrx_word' id='word_1_424' title='bbox 355 4479 488 4530; x_wconf 82' lang='lat' dir='ltr'>Processu</span> <span class='ocrx_word' id='word_1_425' title='bbox 506 4490 570 4530; x_wconf 86' lang='lat' dir='ltr'>vero</span> <span class='ocrx_word' id='word_1_426' title='bbox 592 4478 721 4544; x_wconf 90' lang='lat' dir='ltr'>temporis</span> <span class='ocrx_word' id='word_1_427' title='bbox 742 4479 832 4531; x_wconf 91' lang='lat' dir='ltr'>omnis</span> <span class='ocrx_word' id='word_1_428' title='bbox 853 4490 940 4544; x_wconf 86' lang='lat' dir='ltr'>paene</span> <span class='ocrx_word' id='word_1_429' title='bbox 959 4477 1156 4543; x_wconf 73' lang='lat' dir='ltr'>aginnensium</span> <span class='ocrx_word' id='word_1_430' title='bbox 1178 4476 1292 4544; x_wconf 86' lang='lat' dir='ltr'>civitas,</span> <span class='ocrx_word' id='word_1_431' title='bbox 1311 4481 1348 4534; x_wconf 88' lang='lat' dir='ltr'>ad</span> <span class='ocrx_word' id='word_1_432' title='bbox 1370 4481 1441 4536; x_wconf 78' lang='lat' dir='ltr'>beati</span> <span class='ocrx_word' id='word_1_433' title='bbox 1459 4476 1501 4531; x_wconf 84' lang='lat' dir='ltr'>viri</span> 
     </span>
     <span class='ocr_line' id='line_1_43' title="bbox 270 4575 1502 4645; baseline 0.005 -16"><span class='ocrx_word' id='word_1_434' title='bbox 270 4578 500 4642; x_wconf 89' lang='lat' dir='ltr'>praedicationem</span> <span class='ocrx_word' id='word_1_435' title='bbox 524 4578 629 4630; x_wconf 85' lang='lat' dir='ltr'>cbristo</span> <span class='ocrx_word' id='word_1_436' title='bbox 650 4578 760 4631; x_wconf 90' lang='lat' dir='ltr'>credula</span> <span class='ocrx_word' id='word_1_437' title='bbox 780 4579 859 4643; x_wconf 90' lang='lat' dir='ltr'>facta,</span> <span class='ocrx_word' id='word_1_438' title='bbox 883 4590 976 4632; x_wconf 88' lang='lat' dir='ltr'>sacrae</span> <span class='ocrx_word' id='word_1_439' title='bbox 997 4575 1214 4645; x_wconf 86' lang='lat' dir='ltr'>regenerationis</span> <span class='ocrx_word' id='word_1_440' title='bbox 1241 4577 1392 4637; x_wconf 84' lang='lat' dir='ltr'>lavacrum</span> <span class='ocrx_word' id='word_1_441' title='bbox 1418 4592 1502 4638; x_wconf 74' lang='lat' dir='ltr'>conss</span> 
     </span>
    </p>
   </div>
   <div class='ocr_carea' id='block_1_5' title="bbox 0 0 1544 5498">
    <p class='ocr_par' dir='ltr' id='par_1_8' title="bbox 0 0 1544 5498">
     <span class='ocr_line' id='line_1_44' title="bbox 0 0 1544 5498; baseline 0 0"><span class='ocrx_word' id='word_1_442' title='bbox 0 0 1544 5498; x_wconf 95' lang='lat' dir='ltr'> </span> 
     </span>
    </p>
   </div>
  </div>
 </body>
</html>
