3076 5498
151 298 217 362 214
503 312 628 361 cnunc.
647 313 749 362 oouu.
768 312 943 362 anemos.
961 314 1043 364 aar.

157 479 301 534 mundatos
313 494 362 533 sua
373 482 472 532 villule
484 480 599 547 aperuit,
613 481 649 533 ita
671 485 698 533 et
719 481 770 534 iste
782 486 894 534 sanctus
906 495 1003 535 caecos
1015 483 1097 536 orbes
1110 495 1126 535 a
1146 482 1281 535 nativitate
1291 482 1360 547 cujus·

156 580 218 632 dam
233 581 309 645 pueri
322 581 400 648 signo
421 585 531 632 sanctae
545 580 637 632 crucis
648 581 865 646 superimpresso
876 582 983 647 aperuit
995 587 1023 634 et
1043 583 1110 636 solis
1122 582 1224 647 radios,
1237 587 1306 634 antea
1319 581 1358 631 sibi

156 679 318 746 incognitos,
332 679 446 730 llomino
455 678 606 743 opitulante
618 679 711 731 videre
722 680 873 744 concessit;
886 680 959 745 quod
972 670 1000 731 in
1013 693 1063 733 suo
1075 680 1174 733 ordine
1192 680 1293 733 lectoris
1302 692 1357 744 saga·

156 779 222 831 citas
235 778 343 844 plenius
356 782 383 829 et
396 777 560 829 luculentius
570 779 626 843 jam
648 778 776 843 repperit.
791 780 866 830 Nunc
879 791 944 846 ergo
956 778 990 831 ad
1003 791 1120 845 eaquae
1140 779 1356 846 percurrereinto

156 879 280 931 haurimus
292 882 385 930 noster
405 875 562 930 reflectatur
583 877 712 944 calamus,
726 883 753 930 et
766 878 844 943 Juxta
866 879 951 930 nostri
973 877 1115 932 modulum
1135 877 1279 931 venerandi
1294 875 1377 943 patrisl

156 977 241 1031 nostri
253 976 409 1029 attollamus
421 977 606 1041 praeconium.

189 1079 219 1129 ln
232 1078 284 1129 hoc
304 1076 385 1141 igitur
405 1081 498 1128 nostro
519 1077 646 1128 Remensi
666 1077 803 1129 territorio
824 1077 937 1143 quidam
959 1078 1075 1131 babetur
1087 1078 1205 1140 viculus,
1219 1078 1262 1144 qui
1278 1072 1352 1141 tulgari

156 1177 289 1230 vocabulo
299 1180 410 1229 vocatur
417 1175 589 1240 virdunatus,
600 1175 627 1226 in
638 1188 692 1241 quo
702 1175 814 1242 quidam
822 1175 939 1242 degebat
949 1177 1076 1242 rusticus,
1085 1176 1254 1229 Cureboldus
1261 1175 1352 1231 nomine,

157 1290 213 1330 non
231 1275 379 1329 admodum
401 1275 486 1336 dives,
500 1273 546 1326 sed
569 1281 673 1341 quanto
695 1275 776 1341 bajus
796 1275 898 1328 saeculi
918 1275 1028 1328 carebat
1047 1276 1144 1341 copiis,
1157 1280 1232 1328 muto
1251 1274 1352 1327 scelerum

156 1375 322 1429 exuberabat
343 1373 459 1440 flagitiis.
474 1375 559 1439 liujus
580 1374 673 1439 itaque
687 1387 738 1425 nec
754 1373 917 1427 nominandi
937 1374 986 1425 riri
1010 1387 1113 1427 nomen
1134 1387 1191 1427 non
1212 1370 1352 1426 ideonostns
1364 1364 1383 1416 li

154 1473 340 1539 depromimus
360 1473 470 1538 scriptis
490 1472 563 1537 quod
587 1472 624 1523 illi
651 1473 741 1539 aliqua
762 1472 861 1525 exinde
883 1472 1071 1525 accumuletur
1091 1472 1190 1540 gloria,
1209 1485 1290 1538 neque
1303 1475 1350 1521 uta

155 1587 293 1642 quoquam
311 1572 436 1638 exemplo
449 1572 571 1624 tradatur
583 1573 740 1637 memoriae,
753 1572 844 1625 sedat
858 1578 1041 1638 praenoscant
1053 1571 1199 1625 audientes
1212 1573 1351 1640 legentesque

155 1671 244 1740 qualis
258 1677 411 1736 quantusue
425 1670 507 1722 suerit
519 1671 566 1736 qui
577 1675 653 1722 tanto
666 1671 763 1723 sceleri
776 1683 837 1723 sese
850 1671 999 1736 mancipari
1013 1683 1070 1723 non
1084 1669 1192 1737 timuit;
1206 1673 1277 1736 cujus
1287 1670 1351 1720 imma

155 1770 268 1821 nitatem
280 1769 371 1834 operis
383 1768 550 1820 lucidissimo
564 1768 592 1819 in
602 1768 831 1833 subsequentibus
844 1767 1046 1821 declarabimus
1058 1781 1199 1822 sermone.
1209 1768 1279 1821 lilius
1289 1769 1351 1819 aueo

155 1868 284 1933 temporis
298 1872 456 1933 tempestate
469 1873 564 1919 exorta
576 1866 743 1919 validissima
758 1867 829 1920 lame
842 1867 870 1919 in
884 1869 935 1919 hac
948 1873 1040 1920 nostra
1054 1869 1179 1935 regione,
1190 1851 1382 1935 ipscrirnrleli

154 1967 222 2020 ticus
233 1967 322 2031 coepit
335 1980 425 2033 egere.
440 1966 591 2018 incivitate
604 1979 714 2032 quoque
727 1967 856 2018 liemcnsi
874 1966 986 2033 quidam
1004 1967 1165 2020 morabatur
1177 1967 1293 2025 clericus,
1303 1966 1349 2017 llll

154 2068 268 2120 nomine
280 2065 378 2125 dictus,
390 2066 491 2118 divitiis
504 2065 619 2118 adluens
631 2067 816 2133 omnibusque
828 2067 907 2119 bonis
919 2066 1038 2132 adplene
1060 2065 1173 2119 ditatus.
1187 2068 1267 2129 Quem
1284 2063 1349 2117 alicus

153 2165 290 2231 praefatus
303 2163 422 2216 rusticus
437 2165 546 2229 propria
558 2176 620 2216 cum
633 2165 749 2231 conjuge
762 2172 789 2216 et
801 2166 928 2218 universa
949 2165 1049 2219 domus
1070 2167 1266 2233 suppellectile,
1278 2168 1351 2215 mess

153 2266 222 2317 narii
240 2264 311 2329 apud
333 2277 394 2316 cum
416 2263 505 2316 olllcio
527 2264 690 2331 fungebatur
716 2272 743 2316 et
764 2265 843 2316 lamis
865 2266 986 2331 inopiam
1007 2271 1120 2319 suarum
1141 2266 1235 2319 labore
1252 2267 1350 2317 manuum

152 2363 298 2417 relevabat.
314 2363 417 2414 Diutius
437 2363 517 2429 igitur
535 2362 638 2414 ibidem
651 2376 685 2416 eo
706 2368 904 2427 commorante,
918 2364 1004 2417 illium
1027 2365 1114 2430 ipsius
1132 2343 1381 2418 venerabilisrlcriss

151 2478 199 2517 cus
212 2476 266 2515 una
278 2476 340 2515 cum
354 2461 473 2528 quodam
486 2466 584 2528 nepote
596 2475 645 2514 suo
655 2476 688 2514 ex
700 2475 777 2516 sacro
790 2464 911 2529 suscepit
920 2464 1037 2529 lavacro,
1052 2463 1139 2517 lilium
1153 2466 1205 2519 sibi
1217 2457 1350 2532 spiritualem

152 2563 281 2628 efficiens,
295 2567 321 2614 el
334 2563 436 2613 rustico
449 2568 479 2613 ut
492 2561 564 2626 apud
583 2574 612 2614 se
625 2568 747 2614 maneret
759 2563 819 2616 loco
833 2562 980 2630 compatris
999 2570 1133 2631 quantum
1155 2565 1280 2632 temporis
1295 2555 1351 2613 ulle

152 2664 225 2715 bono
237 2662 330 2714 auimo
342 2659 515 2713 condonavit.

185 2762 230 2812 liis
243 2761 278 2812 lta
292 2760 341 2812 rite
354 2760 477 2825 peractis,
492 2765 631 2824 compater
644 2761 736 2812 rustici
756 2760 839 2828 illius,
853 2774 939 2829 nepos
960 2763 1087 2816 videlicet
1104 2763 1161 2830 jam
1178 2759 1306 2817 memorati
1319 2756 1350 2806 lt·

151 2861 228 2912 vonis
239 2859 340 2924 clerici,
355 2859 558 2924 expeditionem
571 2859 709 2926 quandam
722 2873 753 2913 ex
776 2861 833 2912 suis
850 2861 1006 2928 sumptibus
1024 2873 1191 2927 praeparare
1203 2859 1288 2925 coepit
1297 2831 1384 2922 julil⁵

150 2972 230 3009 suum
253 2971 340 3023 posse,
354 2964 490 3024 qnatenus
510 2959 538 3011 in
559 2957 658 3010 diebus
675 2965 784 3011 sanctae
805 2959 1040 3027 quadragesimae,
1063 2961 1112 3027 qul
1134 2973 1220 3027 prope
1239 2961 1311 3018 erant
1327 2941 1352 3000 ³⁶

150 3059 243 3110 limina
256 3059 398 3111 beatorum
411 3059 596 3124 apostolorum
609 3060 680 3112 Petri
692 3067 719 3112 et
731 3060 805 3113 Pauli
818 3061 990 3128 aliorumque
1002 3067 1161 3114 sanctorum
1173 3063 1202 3114 in
1213 3061 1277 3114 urbe
1292 3056 1353 3109 liolll²

151 3159 349 3225 quiescentium
363 3163 521 3223 properaret
534 3158 695 3211 humillime.
710 3159 848 3212 accedens
858 3167 951 3212 autem
964 3160 997 3212 ad
1012 3166 1205 3226 praenotatum
1219 3153 1353 3213 avrancttllln

151 3271 240 3317 suum,
256 3257 356 3309 ltortari
377 3271 440 3309 eum
462 3259 551 3322 coepit
566 3263 595 3310 ut
617 3270 671 3309 una
693 3271 786 3309 secum
808 3261 921 3312 Romam
943 3267 1076 3326 pergeret.
1089 3260 1139 3312 Cui
1162 3260 1208 3313 ille
1221 3251 1353 3312 sononia,

152 3358 280 3409 audiente
291 3357 347 3422 jam
369 3357 440 3408 dicto
456 3357 556 3409 rustico
569 3370 651 3423 quem
675 3358 752 3423 quasi
766 3371 846 3409 suum
865 3365 1032 3424 compatrem
1046 3358 1120 3425 apud
1133 3373 1165 3413 se
1178 3359 1313 3420 detinebat
1322 3348 1356 3402 ¹¹¹⁵
1370 3326 1392 3380 θ

150 3457 240 3508 verbis
261 3454 401 3520 respondit
423 3472 428 3506 :
450 3455 569 3520 Multis,
590 3455 688 3521 inquit,
710 3455 813 3522 frater
834 3457 1008 3524 carissime,
1028 3471 1115 3513 stunc
1128 3453 1357 3526 praeoccupam

151 3555 248 3619 curis,
262 3554 336 3607 boec
348 3566 428 3619 quae
434 3555 609 3620 persuades
621 3553 680 3609 hac
692 3555 758 3608 vice
769 3556 944 3622 adimplere
955 3570 1091 3624 oequeog
1104 3559 1161 3612 red
1175 3562 1277 3614 term
1284 3543 1359 3625 prod

151 3652 390 3705 mruroomtnus
411 3652 532 3704 creuere
547 3666 649 3718 posse,
662 3667 702 3706 ee
723 3655 800 3708 mes
816 3655 1024 3722 smutturam
1045 3661 1158 3713 sancto
1170 3661 1263 3713 Petro
1275 3640 1361 3711 tmoli

151 3751 256 3805 animo
263 3763 324 3816 per
336 3753 364 3803 te
376 3763 509 3802 munero
521 3751 668 3817 dirigam.
683 3754 728 3805 llis
743 3755 861 3807 rusticus
874 3756 964 3808 verbis
976 3755 1089 3823 auditis,
1103 3756 1241 3812 diabolica
1253 3757 1358 3824 pellectus

150 3850 280 3902 suasione
291 3854 318 3900 et
330 3847 420 3901 radice
432 3849 555 3901 omnium
568 3851 701 3904 malorum
724 3853 853 3918 impletus
871 3854 989 3922 maligna
1007 3856 1169 3924 cupiditate,
1183 3855 1311 3923 compatri
1324 3861 1360 3905 suc
1377 3825 1393 3886 2

150 3950 273 4014 protinus
296 3948 375 4000 iidem
388 3948 473 4012 dedit,
487 3954 515 4000 et
527 3963 586 4002 sese
614 3965 676 4004 cum
691 3953 735 4006 illo
758 3954 944 4019 profecturum
956 3955 1008 4008 sub
1027 3954 1081 4008 lide
1096 3959 1266 4023 repromisit.
1279 3960 1365 4010 lntcrct

148 4048 357 4113 superveniente
368 4047 413 4099 die
426 4055 531 4100 sacrato
544 4063 598 4116 quo
611 4058 768 4116 peccatores
785 4054 819 4105 ab
833 4053 952 4106 Ecclesia
965 4059 1093 4121 suscepta
1107 4058 1277 4123 paenitentia
1290 4067 1365 4126 segre

150 4151 248 4212 gantur
260 4147 422 4199 etomnium
441 4147 650 4201 christianorum
670 4147 804 4214 capitibus
825 4149 934 4203 cineres
946 4151 1138 4220 imponuntur,
1159 4157 1210 4223 ipsi
1233 4156 1372 4212 secundun

152 4245 232 4297 ritum
255 4244 375 4298 fidelium
396 4246 536 4298 cineribus
559 4247 691 4312 susceptis
712 4249 746 4300 ab
767 4250 981 4317 archiepiscopo,
996 4265 1059 4305 cum
1078 4254 1189 4321 reliquo
1202 4257 1305 4322 populo
1322 4262 1375 4310 sunt

150 4345 276 4396 absoluti.
291 4343 394 4397 beinde
414 4357 524 4398 omnem
545 4346 573 4397 in
585 4346 645 4397 viae
667 4353 825 4412 apparatum
846 4351 981 4416 sagmario
995 4364 1046 4405 suo
1068 4353 1260 4424 imponentes,
1273 4360 1392 4412 Romam<

151 4441 297 4506 protecturi
319 4442 373 4493 ‹luo
394 4443 494 4506 pariter
515 4444 567 4496 iter
578 4446 695 4511 aggressi
708 4452 781 4512 sunt,
792 4453 818 4500 et
830 4461 880 4513 per
892 4449 965 4503 hunc
984 4450 1074 4504 locum
1088 4453 1187 4508 tenire
1200 4462 1288 4524 atque
1302 4459 1379 4512 sancti

152 4537 237 4588 Basoll
250 4542 277 4588 et
288 4539 400 4590 fratrum
413 4540 465 4591 sibi
479 4541 651 4595 militantium
670 4546 841 4600 orationibus
855 4561 885 4602 se
896 4550 1069 4605 committere
1080 4551 1283 4613 decreverunt.
