3082 5498
157 317 223 383 142
496 331 623 383 carm.
642 331 745 407 cono.
764 329 939 381 moroan.
959 329 1039 381 nar.

184 503 216 555 9.
230 503 297 555 lium
320 501 388 554 baec
409 506 565 570 agerentur,
577 499 693 554 accessit
714 499 826 567 quidam
847 499 930 553 bomo
945 503 972 554 et
987 499 1105 566 projecit
1116 511 1147 551 se
1159 498 1192 550 ad
1205 496 1292 564 pedes
1312 495 1386 548 beati

153 602 312 669 liildeverti,
325 603 477 669 deprecans
492 615 556 655 eum
567 609 597 654 ut
609 600 665 654 lilio
678 614 727 654 suo
740 601 845 668 absque
864 601 999 669 baptismo
1020 600 1152 653 defuncto
1173 611 1288 651 manum
1302 598 1387 663 impo

153 715 220 755 nere
236 701 406 769 dignaretur,
420 705 447 754 et
459 701 583 754 invocato
605 700 704 753 Christi
725 699 838 753 nomine
856 713 939 766 super
957 698 1073 752 cadaver
1085 699 1213 752 exanime
1227 696 1388 750 restitueret

152 813 216 852 cum
237 799 308 853 vitae
328 800 472 865 pristinae.
489 799 539 863 Qui
560 797 704 851 confestim
725 798 820 849 maesti
843 797 970 863 precibus
991 809 1128 861 annuens,
1141 796 1267 863 domum,
1281 794 1310 846 in
1330 804 1386 859 qua

153 905 278 952 mortuus
287 899 405 966 jacebat,
419 899 549 965 introivit,
563 903 591 951 et
603 902 754 965 prostratus
767 898 796 949 iu
809 903 920 961 terram,
935 910 1031 963 preces
1042 896 1077 949 ad
1090 897 1235 950 bominum
1258 893 1330 948 ludit
1342 892 1385 945 bis
1400 892 1417 942 5

152 998 243 1051 verbis
258 999 406 1053 :Domine
427 999 509 1051 Deus
529 997 732 1065 omnipotens,
746 996 803 1063 qui
814 995 920 1065 fecisti
937 997 1060 1050 caelum
1071 998 1100 1049 et
1112 998 1241 1062 terram,
1256 1005 1347 1048 mure
1357 996 1387 1047 et

152 1097 258 1151 omitia
271 1097 398 1165 quaein
410 1097 454 1150 eis
466 1099 551 1164 suut,
566 1096 680 1163 quique
685 1096 829 1163 primum
852 1095 1013 1150 homiuum
1032 1096 1133 1148 Adam
1144 1095 1183 1148 de
1196 1094 1273 1148 limo
1282 1096 1387 1148 terrae

151 1193 309 1263 formasti,
331 1198 360 1248 et
382 1192 552 1262 infaciem
578 1195 646 1260 ejus
670 1194 866 1261 miraculum
888 1195 972 1247 vitae
997 1192 1174 1261 inspirasti,
1197 1195 1226 1246 te
1249 1194 1387 1260 supplex

150 1297 255 1354 erroro,
271 1288 307 1338 ut
319 1285 400 1339 hunc
407 1297 545 1353 puerum
556 1285 719 1339 resuscites
731 1298 751 1338 α
763 1287 870 1352 morte,
883 1297 943 1352 quo
954 1287 984 1338 et
996 1284 1143 1352 baptismi
1159 1283 1304 1350 gratiam
1317 1296 1385 1338 eon·

151 1385 241 1453 sequi
254 1384 357 1452 possit
371 1386 401 1437 et
420 1383 478 1438 tibi
497 1383 627 1438 Domino
646 1395 768 1451 occuper
785 1381 951 1451 famulari,
970 1383 1028 1450 qui
1046 1383 1126 1436 oiois
1147 1384 1179 1436 et
1194 1382 1383 1452 domineris,
1402 1387 1426 1437 1·

152 1483 235 1551 regis
245 1485 275 1536 et
288 1483 435 1550 crwtoctis,
447 1485 478 1536 et
482 1482 614 1550 judicas
626 1483 709 1535 vivos
722 1486 751 1536 et
763 1486 902 1537 mortuos
911 1495 972 1550 per
984 1482 1113 1550 infinita
1125 1484 1259 1546 saecule
1278 1495 1385 1536 saecu·

153 1585 265 1639 torum.
279 1587 403 1652 cumque
416 1583 624 1650 respondissent
636 1585 683 1651 qui
697 1583 812 1638 aderaut
822 1584 929 1652 Antea,
941 1585 1093 1639 resurrexit
1102 1598 1170 1651 puer
1180 1591 1207 1638 et
1217 1585 1386 1639 vociferatus

151 1689 202 1737 est.
215 1685 301 1748 Quem
313 1685 410 1738 beatus
422 1683 593 1737 llildevertus
614 1685 786 1751 baptismatis
802 1685 876 1737 unda
897 1685 1000 1752 lavans,
1014 1685 1119 1738 vocavit
1131 1698 1194 1738 eum
1206 1684 1386 1739 ildebertum

151 1796 183 1836 ex
196 1785 309 1838 nomine
321 1784 405 1850 patris
417 1784 470 1837 sui.
485 1786 547 1836 Post
558 1784 730 1850 aliquantum
742 1796 807 1836 vero
817 1785 949 1850 temporis
960 1785 1057 1837 beatus
1073 1784 1247 1837 llildevertus
1259 1785 1387 1852 migravit

152 1881 186 1935 ad
199 1883 344 1936 bominum
358 1888 436 1937 sexto
449 1882 494 1935 die
515 1881 695 1936 kalendarum
714 1883 866 1949 juniarum,
880 1883 1059 1949 sepultusque
1078 1888 1120 1936 est
1137 1882 1208 1935 infra
1228 1884 1383 1950 basilicam,

152 1995 235 2048 quam
248 1983 364 2049 septimo
377 1982 462 2035 ferme
475 1983 510 2035 ab
522 1982 591 2034 urbe
604 1982 721 2035 miliario
734 1981 793 2048 ipse
804 1987 1004 2047 construxerat,
1015 1988 1042 2035 et
1053 1983 1095 2035 sui
1105 1981 1183 2034 lilioli
1195 1982 1291 2047 sunus,
1302 1996 1384 2050 quem

151 2079 186 2134 de
198 2086 285 2134 morte
306 2082 523 2141 resuscitaverat,
537 2087 599 2146 post
618 2087 722 2147 septem
743 2094 831 2134 annos
852 2081 1026 2150 moriturum,
1040 2081 1150 2148 sepeliri
1168 2082 1247 2148 juxta
1268 2095 1298 2136 se
1311 2095 1386 2136 man·

150 2179 271 2234 (laverat.

183 2279 233 2334 10.
249 2283 397 2334 Transacto
410 2279 492 2348 igitur
504 2292 561 2333 non
573 2280 691 2334 multo...
705 2281 779 2346 (Act.
793 2282 851 2347 δᾶ,
865 2285 931 2335 tom.
945 2283 976 2334 Vl
989 2281 1060 2348 llaii,
1074 2295 1100 2348 p.
1115 2284 1174 2348 111,
1188 2294 1267 2334 num.
1284 2284 1319 2348 7).

677 2505 909 2516 ..-..-..

321 2788 534 2878 DLXXHI.
558 2788 683 2876 (lodex
703 2789 894 2919 signatus
914 2814 1028 2880 num.
1054 2789 1205 2878 12606.

181 3049 251 3101 Olim
263 3050 390 3104 coenobii
403 3051 594 3114 floriacensis,
610 3051 712 3104 deinde
724 3053 893 3118 San-Germ„
906 3052 982 3118 prius
994 3052 1053 3119 liii,
1067 3053 1206 3105 recentius
1218 3053 1280 3107 199.

183 3148 321 3202 Foliorum
337 3150 392 3216 lae,
406 3149 480 3202 med.
493 3151 670 3217 (omilim),
684 3151 820 3203 columnis
833 3151 915 3215 binis,
928 3157 1056 3204 exaratus
1068 3164 1140 3205 saec.
1155 3154 1212 3206 illl.

250 3247 288 3323 1ο
306 3247 488 3326 Minaeula
506 3250 628 3327 saneti
648 3249 834 3349 Stephani
853 3248 930 3349 (fol.
953 3250 1068 3350 lf-ll).

185 3384 377 3450 Fragmentum
399 3385 594 3436 lliraculorum
615 3383 658 3436 ed.
673 3397 716 3449 ap.
730 3383 851 3449 Surium,
864 3383 898 3435 ad
911 3384 938 3436 d.
951 3386 967 3436 3
979 3388 1046 3452 lug.
1059 3390 1096 3450 (p.
1110 3387 1170 3450 55);
1184 3385 1292 3439 scilicet
1304 3385 1352 3438 lib.
1365 3399 1381 3454 1,

154 3493 231 3535 num.
244 3482 296 3546 b(a
311 3482 491 3537 sollicitudo
503 3483 710 3549 ingereretur)
721 3511 754 3520 —
767 3485 807 3535 itt.

250 3579 289 3656 2⁰
306 3581 390 3659 Vita
408 3581 530 3659 sancti
550 3581 723 3660 Silvestri
742 3581 819 3680 (iol.
843 3581 988 3683 11-81).1

185 3713 276 3766 llutlla
297 3713 399 3767 desinit
419 3715 447 3766 ln
461 3715 551 3768 verbis
563 3715 696 3768 elevavit
707 3728 757 3769 eos
769 3718 797 3768 et
810 3729 914 3770 secum
925 3717 1036 3769 educit
1049 3716 1105 3783 (iol.
1119 3718 1190 3777 ibit,
1202 3719 1254 3771 col.
1270 3721 1281 3771 l
1295 3723 1380 3789 extr).

251 3812 291 3888 3⁰
307 3812 450 3914 [Passio
468 3813 590 3892 sancti
608 3811 766 3891 Luciam
785 3815 959 3916 episcopi
986 3813 1286 3924 Bellovaceusis]
1307 3817 1380 3918 (fol.

301 3943 440 4047 or-lon.

186 4081 303 4132 Auctore
316 4080 439 4145 oddone,
453 4079 497 4133 ed.
511 4081 575 4132 Act.
586 4080 643 4145 Sd,
657 4079 691 4133 ad
705 4079 732 4130 d.
746 4083 845 4147 elan,
859 4085 925 4134 tom.
939 4083 959 4147 l,
970 4095 997 4147 p.
1010 4083 1114 4136 161116.
1128 4082 1209 4136 luitio
1219 4085 1320 4138 mutda
1333 4087 1388 4145 inc.

153 4177 320 4232 ecbiberet.
340 4179 422 4232 Uude
433 4178 571 4233 assiduis
585 4181 672 4243 (num.
687 4181 718 4231 10
731 4181 821 4242 med).

252 4278 292 4355 4⁰
309 4278 406 4367 Vita,
428 4283 536 4355 actus
553 4285 670 4377 atque
696 4277 827 4355 obitus
854 4278 956 4356 beati
986 4279 1152 4380 Remigii
1172 4279 1393 4366 Remorum

302 4408 609 4510 archipontificis
625 4408 701 4509 (fol.
726 4410 911 4510 lbi-litt*

189 4541 304 4595 Auctore
317 4542 473 4595 llincmaro.
487 4543 575 4595 Omm.
589 4555 696 4595 numm.
708 4543 809 4609 1111105,
824 4546 881 4609 lue,
896 4546 943 4598 112
954 4559 1015 4612 sqq.
