3076 5498
273 283 340 348 468
615 301 740 351 cnunc.
760 302 861 351 cono.
882 302 1056 352 nnunma.
1076 302 1157 352 nar.

306 468 415 518 XXIII
427 466 629 521 uinculum.
643 497 677 507 -
689 472 755 521 item
768 482 796 521 ιιι
808 469 852 522 die
866 471 968 521 mensis
981 469 1106 535 ejusdem
1120 470 1196 545 venit
1210 471 1243 522 ad
1264 470 1409 536 sepulemm
1420 469 1467 521 beai

273 563 323 615 viri
336 564 447 629 quidam
460 565 530 617 alius
542 573 617 618 sutor
629 567 663 618 dc
675 568 755 633 plebe
767 570 928 620 Sanctorum
942 567 1057 634 Philippi
1071 573 1096 619 et
1105 568 1211 625 iacobi,
1223 567 1342 621 civitatis
1355 568 1466 635 pragensis.

273 666 299 715 et
312 664 404 714 retulit
416 677 465 728 per
477 678 555 717 sunm
567 666 764 730 juramentum,
775 673 802 718 et
814 667 859 718 alii
873 667 923 719 viri
937 667 1044 718 bonesti
1058 680 1120 719 cum
1132 679 1175 730 eo,
1186 666 1262 732 quod
1276 680 1339 719 cum
1352 668 1401 732 ipse
1409 667 1467 717 tntu

273 763 395 827 proxime
416 765 643 829 praecedentibus
665 767 768 828 [annis]
791 767 955 830 perdidisset
976 779 1108 831 organum
1130 766 1266 833 loquendi
1288 780 1336 818 seu
1356 765 1466 832 loquelam,

273 862 398 929 factoque
410 869 473 916 voto
486 865 569 916 eundi
582 866 615 916 ad
629 865 723 918 limina
735 867 822 918 sancti
837 867 999 933 sigismundi
1015 867 1042 918 in
1056 866 1172 919 ecelesia
1184 866 1318 934 pragensi
1328 884 1336 931 3
1347 873 1373 919 et
1383 878 1410 918 eo
1419 863 1486 917 comi

271 960 344 1024 picto
358 962 540 1028 sepulcroque
551 969 685 1026 contacto,
700 965 790 1017 statim
810 965 913 1030 recepit
936 964 1080 1030 pristinum
1103 963 1218 1017 modum
1237 964 1367 1031 loquendi
1381 974 1404 1016 et
1412 962 1468 1030 glori·

272 1058 370 1114 fleabat
383 1064 466 1114 beum
481 1068 507 1114 et
520 1070 646 1115 sanctum
660 1069 806 1130 martyrem
820 1063 1034 1132 Sigismondum.

304 1161 391 1222 [l]tem
406 1171 477 1213 ιιιιῐῃι
498 1161 543 1214 die
565 1163 666 1214 mensis
679 1163 813 1229 eiusdem,
827 1163 962 1229 iledwigis
983 1162 1082 1214 mulier
1103 1163 1130 1214 in
1153 1162 1235 1228 plebe
1253 1164 1345 1216 Sancti
1365 1159 1467 1216 Iitbtclis

271 1262 360 1313 Novae
372 1261 492 1314 Civitatis
513 1263 666 1330 pragensis,
681 1276 795 1328 puerum
817 1277 896 1315 suum
910 1263 1064 1328 paruulum,
1079 1262 1227 1314 habentem
1241 1262 1385 1321 calculum,
1395 1272 1467 1314 ιιιιιι

271 1360 410 1413 mendavit
426 1369 519 1414 sancto
540 1361 722 1428 Sigismoudo,
736 1369 762 1414 et
780 1367 841 1415 vota
863 1374 975 1425 vovens,
993 1362 1135 1414 sanitatem
1157 1362 1317 1426 impetravit
1336 1362 1382 1428 ipsi
1398 1371 1464 1426 puero,
1476 1356 1493 1407 tt

270 1460 316 1525 qui
327 1460 494 1527 gravissimis
515 1460 656 1513 doionibus
677 1463 865 1528 torquebatur.
880 1463 986 1525 Postea,
1000 1461 1146 1513 immemor
1168 1459 1300 1513 beneticii
1319 1460 1466 1527 aeceptiipe

271 1572 326 1611 non
339 1559 426 1612 solum
441 1565 502 1611 vota
516 1572 571 1611 non
584 1558 716 1626 implevit,
730 1565 917 1613 verumtamen
939 1561 1044 1627 ingrata
1064 1560 1178 1626 gratiam
1193 1560 1248 1613 sibi
1261 1561 1291 1612 in
1308 1573 1387 1626 puero
1398 1559 1466 1610 beau

270 1657 409 1723 publicare
431 1670 486 1709 nou
507 1659 620 1711 curavit.
636 1657 712 1711 Unde
733 1658 831 1711 accidit
850 1664 880 1711 ut
900 1672 970 1723 puer
985 1657 1059 1711 idem
1077 1659 1170 1711 denuo
1191 1659 1310 1725 gravius
1329 1671 1401 1727 quau
1414 1654 1466 1721 prins

270 1757 464 1810 infirmaretur.
478 1760 561 1821 Quem
573 1759 749 1810 coustitutum
761 1759 788 1809 in
798 1757 915 1809 articulo
928 1758 1033 1818 mortis,
1042 1758 1137 1810 eadem
1151 1757 1254 1811 mulier
1265 1758 1368 1812 dictum
1379 1765 1463 1824 puerum

269 1857 501 1910 recommendavit
521 1857 685 1909 secundario
705 1857 785 1909 beato
806 1859 917 1924 martyri
931 1856 1115 1924 sigismondo,
1128 1861 1155 1909 et
1173 1858 1249 1911 vovit
1260 1864 1301 1925 ut,
1315 1859 1338 1910 si
1349 1847 1492 1916 senectui!
1527 1866 1530 1874 ·

269 1957 320 2010 noc
331 1957 491 2010 miraculum
505 1963 532 2008 et
544 1956 708 2009 beneficium
721 1956 845 2008 sanitatis
859 1963 1016 2021 procuraret
1028 1962 1055 2008 et
1067 1957 1170 2008 iaceret
1179 1956 1214 2009 ad
1230 1957 1340 2011 laudem
1351 1953 1464 2024 rigionum

268 2056 313 2108 bei
327 2062 354 2108 et
366 2056 436 2109 beati
458 2056 584 2122 martyris
597 2056 738 2121 publicari,
751 2069 783 2108 ac
806 2069 920 2121 puerum
942 2069 1004 2108 curn
1017 2055 1205 2109 oblationibus
1228 2057 1339 2111 deterre
1349 2056 1379 2110 ad
1390 2050 1463 2107 initii
1525 2064 1528 2070 ·

269 2157 355 2208 sancti
370 2157 496 2222 martyris
508 2154 642 2221 ejusdem.
657 2158 715 2207 bion
728 2155 863 2220 completo
875 2160 936 2207 voto
949 2168 1028 2220 pluer,
1038 2155 1192 2221 applicatus
1205 2155 1240 2207 ad
1255 2148 1465 2222 seputemnsni·
1524 2138 1528 2171 ·³

270 2260 351 2308 tatem
365 2261 483 2321 optatam
497 2256 659 2307 miraculose
679 2256 763 2307 altera
778 2257 835 2307 rice
854 2255 970 2321 adeptus
992 2261 1042 2319 est,
1056 2261 1084 2307 et
1095 2269 1178 2321 quern
1193 2269 1252 2308 non
1265 2261 1388 2322 poterant
1400 2258 1465 2306 cnrtn

270 2355 369 2407 medici
382 2356 484 2407 terreni
505 2355 598 2406 multis
617 2355 695 2406 lactis
716 2355 857 2420 impensis,
882 2353 926 2406 bic
948 2354 1071 2407 medicus
1094 2354 1233 2419 caelestis,
1248 2353 1407 2408 lamentabili
1421 2338 1491 2400 mot!
1524 2338 1527 2345 '

270 2455 393 2506 mulieris
404 2454 530 2507 devotius
542 2460 681 2516 exoratus,
695 2454 800 2506 sanavit
812 2465 889 2506 xxun
901 2453 946 2506 die
959 2454 1063 2506 mensis
1074 2453 1211 2518 ejusdem.
1522 2446 1524 2450 ’

304 2556 428 2606 XXIIII
447 2554 695 2607 uinculum-
717 2555 783 2605 item
805 2566 881 2607 ιιιιιιι
901 2553 947 2606 die
968 2554 1069 2607 mensis
1088 2553 1215 2619 ejusdem
1237 2555 1371 2621 quaedam
1391 2548 1467 2607 mulie.
1524 2532 1529 2565 ⁵

273 2655 347 2706 Petra
369 2653 490 2715 nomine,
513 2653 545 2704 de
568 2652 646 2717 plebe
668 2653 759 2703 Sancti
781 2652 890 2704 ilenrici
908 2654 997 2705 Novae
1009 2652 1129 2704 Civitatis
1151 2653 1310 2720 bragensis,
1332 2665 1397 2719 quae
1414 2644 1469 2701 aot&

269 2752 394 2817 plurimis
412 2752 577 2819 gravissimis
599 2752 720 2802 febribus
741 2752 924 2812 cruciabatur,
943 2751 1056 2803 accessit
1077 2750 1110 2803 ad
1132 2752 1294 2817 sepulcrum
1317 2750 1398 2804 sancti
1413 2744 1470 2812 Sit't·

270 2852 374 2914 mondi,
385 2857 411 2903 et
423 2852 549 2916 precibus
563 2852 630 2903 fusis
642 2865 704 2904 cum
716 2852 846 2911 lacrimis,
860 2852 1002 2904 sanitatem
1014 2864 1097 2918 quam
1109 2852 1213 2918 optarit
1227 2852 1357 2913 obtinuit,
1368 2856 1392 2903 et
1410 2836 1504 2900 mter!

269 2951 303 3002 sit
315 2964 382 3003 sana
394 2957 421 3002 et
433 2952 589 3015 incolumis,
603 2949 761 3018 gloritlcans
774 2952 858 3002 beum
872 2956 899 3002 et
913 2951 1023 3003 beatum
1036 2954 1182 3014 martyrem
1195 2951 1407 3018 sigismundum,
1416 2946 1473 3010 tuiti

270 3050 374 3101 meritis
386 3050 521 3102 fatebatur
534 3063 563 3101 se
575 3050 717 3102 sanitatem
731 3050 877 3114 recepisse.

302 3151 392 3201 XXV
411 3149 613 3201 mraculum.
627 3177 657 3186 -
673 3150 738 3200 item
761 3147 883 3201 xxvidie
896 3149 1000 3200 mensis
1013 3148 1138 3213 ejusdem
1152 3149 1268 3215 quidam
1282 3150 1377 3205 cliens,
1389 3145 1475 3200 nomint

271 3252 374 3314 Petrus,
388 3249 421 3301 de
435 3250 513 3315 plebe
535 3251 649 3301 Sanctae
670 3249 768 3301 blaciae
785 3253 848 3301 ante
861 3251 971 3301 Laetam
993 3249 1095 3301 curiam
1110 3250 1139 3300 in
1158 3250 1270 3302 civitate
1284 3248 1414 3318 pragensi,
1425 3246 1476 3297 butt

270 3356 362 3413 notus,
376 3349 422 3415 qui
437 3352 566 3416 'gravem
588 3349 740 3414 patiebatur
753 3349 876 3407 colicam,
890 3354 918 3400 et
929 3347 994 3399 dum
1014 3346 1183 3400 medicorum
1196 3350 1253 3401 sibi
1266 3350 1424 3416 adjutorium
1435 3352 1476 3395 ιιι

272 3447 423 3514 proliceret,
437 3450 552 3501 accessit
571 3447 604 3499 ad
624 3448 781 3513 sepulerum
803 3448 888 3500 sancti
910 3446 1085 3513 Sigismondi,
1099 3452 1126 3497 et
1146 3455 1210 3511 post
1231 3446 1347 3501 devotas
1365 3446 1477 3501 oratboet

272 3548 346 3600 susas
358 3548 469 3611 ibidem,
483 3547 627 3599 sanitatem
641 3547 784 3612 pristinam
797 3546 900 3612 recepit
917 3559 1000 3612 quam
1022 3545 1135 3610 optavit,
1149 3552 1177 3598 et
1188 3548 1306 3599 recessit
1324 3552 1435 3600 sanatus
1444 3540 1477 3608 gii

272 3645 416 3714 languidus
428 3652 456 3698 et
468 3660 549 3713 aeger
559 3650 723 3698 accesserat.
737 3646 903 3713 Timensque
921 3659 956 3698 ne
976 3643 1183 3712 ingratitudinis
1203 3647 1283 3705 uitio,
1296 3652 1329 3699 ut
1348 3639 1479 3699 mutierillt

271 3745 306 3797 de
326 3759 379 3812 qua
394 3759 476 3811 supra
496 3745 624 3809 diximus,
638 3750 787 3808 notaretur,
803 3743 898 3810 petivit
917 3744 1113 3796 instantissime
1134 3744 1187 3797 sibi
1209 3745 1368 3811 impensum
1390 3742 1480 3796 fideliter

272 3844 414 3909 publicari.

304 3944 409 3995 XXVI
430 3943 633 3994 Miraculum.
650 3944 760 3993 —ltem
782 3943 810 3993 in
832 3941 923 4008 vigilia
944 3940 1090 3993 nativitatis
1113 3941 1215 3993 Christi
1240 3944 1342 3997 mulier
1362 3941 1480 4012 quaedam.

272 4043 427 4105 liutberina,
440 4056 510 4095 uxor
528 4043 669 4109 cujusdam
691 4040 898 4108 panuitonsoris
918 4041 952 4093 de
973 4041 1082 4093 civitate
1105 4042 1249 4109 Pragensi,
1270 4057 1345 4110 quae
1360 4058 1413 4096 uno
1428 4048 1481 4094 aunt

273 4145 379 4212 integro
393 4159 472 4210 passa
486 4146 537 4197 tuit
549 4144 694 4211 paralysim
708 4144 775 4196 adeo
788 4143 905 4210 graviter
917 4146 948 4193 ut
959 4154 1011 4194 nec
1022 4154 1155 4194 manuum
1169 4155 1289 4197 suarum
1307 4159 1399 4212 neque
1408 4140 1483 4210 pedro

271 4246 485 4298 usumbaberet.
506 4248 586 4309 ilaec,
610 4245 674 4296 dum
692 4243 743 4295 sibi
765 4243 810 4294 atii
832 4241 932 4294 medici
953 4240 1112 4305 delicerent,
1137 4244 1260 4296 recurrit
1279 4242 1315 4298 ad
1328 4236 1484 4313 butussamt'

271 4344 370 4396 medici
382 4345 524 4409 auxilium,
540 4348 638 4409 etpost
651 4343 775 4395 devotam
788 4341 1088 4394 recommendationem
1105 4342 1160 4403 sui,
1173 4342 1259 4396 factis
1272 4359 1386 4412 quoque
1395 4343 1483 4411 mribus

271 4444 333 4496 dam
347 4445 425 4507 rotis,
439 4444 583 4496 sanitatem
595 4441 775 4495 desideratam
789 4441 917 4506 obtinuit,
931 4440 1047 4505 paralysi
1060 4439 1094 4492 ab
1108 4451 1141 4493 ea
1153 4442 1273 4507 penitus
1286 4446 1434 4513 profugata.

303 4544 433 4605 [XXVII
447 4541 661 4604 miraculum.
674 4541 785 4592 -item
798 4549 883 4592 xxvru
901 4537 947 4592 die
957 4537 1187 4603 meusisjanuarii
1205 4544 1290 4596 venit
1301 4545 1337 4598 ad
1350 4542 1485 4611 sepulcrm
