3076 5498
269 326 336 391 418
611 337 738 386 aaran.
758 337 861 387 cour).
881 337 1056 386 uaoioon.
1077 337 1157 387 aar.

269 515 314 566 SS.
327 511 465 564 Antonino
486 513 512 561 ei
531 509 661 562 sanctino
682 509 811 576 leguntur
831 510 895 561 Act.
909 509 966 570 SD,
981 508 1014 559 ad
1037 507 1064 559 d.
1079 510 1106 559 li
1131 508 1201 571 Det,
1224 511 1291 560 tom.
1311 510 1340 570 v,
1352 523 1377 573 p.
1393 509 1470 568 iiim.

272 626 350 665 num.
365 614 449 664 lits.

367 701 405 777 6⁰
430 699 603 778 Intentio
622 709 660 776 et
677 697 878 776 translatio
897 706 1121 775 sanctorum
1138 720 1352 798 corporum
1369 698 1465 774 hiero

417 823 597 923 martyris
623 821 870 921 Ariopagitae
901 820 1075 920 Dionysii
1107 821 1384 922 sociorumque
1411 823 1467 919 ejus

416 947 561 1024 Rustici
577 953 614 1022 et
629 944 856 1040 Eleutherii‚
874 966 974 1044 quae
990 945 1089 1021 lacta
1104 945 1179 1022 luit
1198 968 1271 1045 per
1289 944 1464 1045 gloriosum

419 1092 551 1170 regem
569 1069 807 1145 Francorum
827 1067 1090 1168 Dagohertum
1108 1067 1172 1168 (fol
1208 1067 1375 1166 lili-lli).

302 1196 426 1263 Scilicet,
452 1194 602 1260 praemisso
626 1193 739 1260 prologo
762 1193 909 1246 Plurima
933 1192 1164 1246 miraculorum
1187 1193 1287 1258 Dei...‚
1313 1199 1340 1245 et
1360 1189 1462 1245 nonnulis

268 1296 446 1361 interpolatis
463 1295 544 1347 Gest.
559 1292 731 1360 Dayoberti‚
746 1306 824 1357 capp.
839 1293 907 1355 lli,
929 1294 969 1352 li,
987 1295 1027 1355 li,
1047 1295 1080 1344 20
1099 1293 1182 1357 (Rea.
1205 1292 1261 1344 des
1281 1292 1358 1346 Hist.
1377 1291 1406 1342 dr
1419 1290 1459 1347 li..

267 1396 471 1460 semiinsula
484 1394 565 1459 susp).
577 1391 679 1445 Deinde
690 1392 814 1458 sequitur
825 1391 883 1454 (iol.
895 1393 1008 1455 yyvyyv)
1021 1391 1134 1445 historia
1146 1392 1361 1445 consecrationis
1369 1388 1459 1443 eulasia

269 1495 359 1547 Sancti
374 1494 492 1558 Dionysii
505 1505 553 1557 per
564 1492 699 1544 Christum
713 1491 880 1545 salvatorem
894 1491 980 1543 iactae
992 1497 1018 1542 et
1030 1491 1141 1556 leprosi,
1155 1492 1204 1557 qui
1219 1504 1281 1544 eam
1293 1491 1412 1544 contuitus
1424 1487 1459 1538 ire

270 1600 320 1660 rat,
333 1594 492 1657 sanationis
506 1605 537 1644 ao
549 1590 669 1657 denique
684 1592 765 1645 Gest.
779 1586 950 1658 Dayoberti‚
964 1605 1043 1656 capp.
1056 1594 1143 1644 tall.

367 1684 407 1756 7⁰
433 1680 630 1760 Revelatio
655 1688 808 1758 ostensa
828 1682 1088 1782 Stephano...
1109 1681 1187 1781 (iol.
1212 1681 1371 1780 lli-ily.

303 1808 375 1861 Utin
396 1807 441 1858 cit.
464 1805 525 1857 cod.
546 1807 612 1857 ills
633 1807 662 1866 Α,
676 1807 713 1856 6⁰.
727 1808 930 1872 —Sequuutur
951 1805 1003 1857 alia
1028 1806 1160 1872 quaedam
1184 1804 1219 1857 de
1242 1806 1350 1859 historia
1369 1798 1454 1856 innoti

269 1905 360 1957 sancti
377 1905 498 1970 Dionysii
519 1910 547 1955 et
568 1902 747 1968 particulatim
771 1905 811 1956 De
822 1906 1023 1957 sacrosancto
1043 1903 1131 1957 clavo
1145 1906 1176 1955 et
1196 1916 1313 1957 corona
1332 1898 1456 1955 Domiaiet

269 2005 454 2073 quibusdam
466 2003 543 2057 aliis
553 2003 803 2071 pretiosissimis,
816 2018 896 2071 quas
906 2017 965 2057 rea
979 2004 1116 2057 Karalus
1132 2005 1246 2057 Catum
1259 2004 1384 2058 cmttulit
1396 1999 1455 2053 acl·

269 2107 338 2159 siae
350 2106 456 2159 Sartcti
469 2105 609 2170 Dionysii
619 2105 676 2169 (iol.
688 2106 804 2169 ii=);De
815 2104 945 2158 nurnero
956 2105 1060 2158 sancti
1067 2102 1223 2158 Iohannis
1237 2104 1392 2171 Baptistae
1400 2095 1456 2166 apti

270 2206 421 2258 Sanctum
434 2204 614 2268 Dionysium
628 2205 786 2257 translato
797 2204 854 2268 (iol.
870 2206 937 2269 78τ);
950 2205 993 2257 De
1004 2216 1132 2270 corpore
1149 2205 1255 2257 sancti
1266 2204 1380 2259 Hilarii
1389 2200 1459 2255 Pictu-

269 2305 371 2359 oensis
385 2304 522 2371 episcopi
541 2304 627 2370 apud
647 2305 794 2357 Sanctum
822 2304 1004 2368 Dionysium
1025 2304 1182 2357 translato
1202 2305 1309 2370 (iliiup
1332 2305 1370 2357 De
1386 2299 1461 2355 sonat

271 2403 415 2458 Patroclo
426 2403 567 2469 episcopo
578 2407 608 2455 et
619 2404 759 2467 martyre
769 2405 798 2456 et
809 2403 928 2456 serratis
939 2402 1168 2468 consessoribus
1183 2404 1323 2458 Romano
1333 2406 1361 2456 el
1372 2395 1464 2456 aium

271 2501 358 2568 apud
380 2503 527 2554 Misenum
548 2500 733 2566 Dionysium
755 2500 922 2553 translatis
941 2501 997 2565 (iol.
1017 2503 1086 2566 7803
1107 2501 1150 2553 De
1169 2501 1291 2554 sanctis
1307 2496 1468 2565 maranisi

269 2599 446 2667 cucuphate
457 2604 486 2654 et
500 2601 662 2667 Hippolyto
675 2601 760 2666 opaci
783 2602 930 2654 &nciam
950 2601 1132 2666 Dionysiam
1155 2602 1328 2655 translatis
1339 2600 1433 2667 ditty,
1442 2597 1471 2649 Dt

268 2701 423 2754 miraculo
444 2701 549 2753 sancti
564 2701 724 2766 Hippolyti
744 2700 778 2752 in
793 2701 976 2767 praesentia
998 2701 1177 2755 annonari
1191 2715 1303 2769 papae
1319 2700 1474 2770 perpetrm

264 2800 323 2865 (iol.
337 2802 407 2864 istm
421 2799 515 2853 Aliud
527 2799 719 2852 miraculum
731 2801 889 2855 darancio
906 2799 1074 2867 Hippolyto
1091 2800 1149 2860 (iol.
1162 2801 1235 2866 te=);
1251 2801 1296 2854 De
1312 2797 1477 2856 mutnus
1525 2816 1528 2827 ·

265 2897 448 2967 festivitatis
461 2899 564 2952 sancti
575 2899 737 2965 Hippolyti
754 2912 814 2965 por
825 2899 1041 2966 praesentiam
1062 2897 1183 2951 domini
1202 2900 1290 2965 repis
1309 2895 1480 2961 Rooertiliol.

267 2998 339 3062 80²);
353 2998 396 3050 De
416 2998 608 3051 miraculosa
631 2997 841 3052 translatione
860 2998 941 3051 beati
961 2997 1126 3063 Pereyrini
1143 2999 1302 3063 martyris
1322 3001 1352 3052 et
1372 2991 1486 3066 episcopi

268 3095 354 3161 apud
366 3094 545 3149 comachium
557 3095 664 3148 Saricti
673 3095 814 3160 Dionysii
825 3096 902 3160 (ibid)
913 3109 920 3158 ;
933 3097 976 3148 De
986 3097 1095 3148 sancto
1108 3094 1258 3159 Dionysio
1274 3095 1490 3151 corinthiorum

264 3194 406 3260 episcopo
419 3199 449 3247 et
461 3192 637 3261 consessore
656 3195 743 3261 apud
759 3197 908 3248 mactum
927 3194 1109 3259 Dionysiam
1133 3195 1167 3246 in
1184 3195 1331 3249 Franma
1352 3196 1494 3249 translato

268 3294 325 3354 (iol.
345 3296 417 3359 iliiv);
432 3296 473 3347 Da
497 3294 740 3361 quamplurimis
761 3295 836 3347 aliis
857 3294 1037 3361 corporibus
1056 3296 1087 3347 et
1105 3293 1255 3360 reliquiis
1272 3299 1455 3350 sanctorum
1470 3293 1495 3343 in

266 3395 425 3447 commeani
436 3395 493 3459 (iol.
506 3396 569 3459 tir).
584 3396 614 3446 lo
635 3395 690 3446 tine
711 3395 809 3462 legitur
831 3396 899 3447 haee
921 3399 984 3446 nota
995 3392 1053 3458 (iol.
1066 3394 1121 3457 δὲ’)
1189 3394 1385 3460 Explicianl
1406 3396 1461 3448 isla
1472 3392 1500 3444 is

266 3506 366 3545 unum
384 3494 514 3547 collecta
535 3506 619 3547 orario
642 3493 767 3546 Domini
793 3494 959 3547 titillesimo
984 3492 1300 3559 quadrinyentasinio
1325 3494 1501 3562 quinquepe-

268 3592 348 3646 simo
364 3593 504 3658 qru'uta..

367 3681 406 3757 8⁰
423 3682 507 3759 Vita
526 3685 647 3761 sancti
667 3683 780 3784 Eligii
798 3683 1021 3761 abbreviata
1039 3680 1116 3779 (iol.
1136 3679 1339 3784 iiiii-llis).

300 3808 416 3858 ductore
429 3806 572 3871 audoeno,
586 3807 631 3861 ed.
646 3811 673 3860 Ρ.
689 3811 727 3870 i...
742 3815 808 3861 tom.
822 3809 966 3871 Lxxxiiii,
979 3821 1007 3872 p.
1019 3808 1139 3859 littaei.
1149 3806 1180 3856 ln
1194 3804 1253 3858 line
1269 3822 1277 3856 :
1293 3807 1437 3876 Replicit
1447 3807 1503 3859 sita

265 3906 370 3959 salicti
387 3919 425 3958 ar
437 3908 613 3959 volteranni
625 3907 723 3972 Eliyii
734 3907 870 3973 episcopi
886 3910 915 3958 et
927 3903 1125 3973 confessoris,
1138 3903 1226 3957 edita
1245 3920 1269 3959 α.
1283 3906 1375 3962 beato
1389 3908 1504 3961 Dodone

269 4002 524 4070 Ratiornaycnsis
546 4005 633 4059 artis
653 4007 794 4073 episcopo
811 4009 840 4059 et
856 4018 916 4073 per
937 4017 985 4058 me
998 4002 1093 4069 titius
1113 4001 1190 4055 libri
1200 4005 1409 4061 collectorem
1421 4009 1502 4059 inter·

268 4102 343 4156 dum
358 4103 580 4158 abdrcriatum.
899 4115 903 4122 ·

366 4192 405 4269 9⁰
433 4193 640 4284 Quomodo
658 4196 780 4272 sancti
799 4194 912 4295 Eligii
931 4216 1025 4295 pera
1040 4214 1131 4269 eum
1152 4191 1408 4292 quibusdam
1425 4195 1502 4273 aliis

414 4316 593 4418 reliquiis
612 4318 855 4397 manifestata
872 4319 923 4396 sit
953 4325 992 4396 et
1008 4337 1109 4418 quae
1127 4315 1330 4397 miracula
1363 4322 1403 4397 in
1426 4321 1501 4421 ipsa

416 4440 728 4519 manifestatione
758 4449 797 4519 et
827 4441 1012 4542 deinceps
1039 4438 1118 4517 sint
1152 4437 1256 4518 facta
1293 4443 1378 4543 (iol.
1408 4443 1502 4520 tir·

301 4683 349 4738 tid.
363 4698 398 4738 ex
410 4563 576 4749 offiiior.
588 4689 682 4743 anal.
694 4690 785 4759 Ball„
799 4698 866 4748 tom.
882 4692 916 4744 ix
925 4689 1021 4756 (1890),
1032 4701 1061 4754 p.
1073 4687 1178 4742 mit.
