3076 5498
147 324 215 389 512
491 334 617 388 carun.
637 333 739 382 cono.
760 334 1036 385 proruamur.

248 505 312 581 460
339 503 470 582 Passio
488 510 644 579 sanctae
663 524 707 578 ac
724 501 973 580 beatissimae
999 501 1246 601 Euphemiae
1267 498 1350 598 virgi-

299 628 373 725 nis,
390 648 492 728 quae
507 647 618 726 passa
633 632 690 703 est
705 624 921 704 Calcedona
936 625 976 701 in
992 625 1155 704 civitate
1169 624 1242 705 sub
1255 623 1350 699 Prisco

299 749 548 852 proconsule,
578 749 643 827 die
668 774 730 825 xvr
757 748 943 827 kalendas
970 748 1160 827 octobres
1186 747 1260 848 llol.
1277 745 1350 822 ills·

298 873 408 973 250‘).

186 1009 217 1059 ut
230 1007 306 1072 nra,
320 1008 374 1060 cu.

250 1105 315 1180 470
341 1101 471 1180 Passio
487 1102 805 1183 beatissimorum
820 1110 1034 1202 martyrum
1050 1103 1200 1193 Fausti,
1215 1099 1349 1181 ianuarii

300 1235 339 1306 et
356 1225 553 1314 Martialis,
575 1226 643 1327 qui
661 1226 765 1326 passi
783 1230 875 1303 sunt
893 1225 1076 1304 Corduba
1091 1221 1349 1307 incivitatesub

300 1349 475 1450 Eugenio
494 1348 687 1449 praeside,
709 1348 774 1425 die
800 1373 844 1424 ur
870 1346 960 1426 idus
978 1350 1167 1434 octobres
1183 1352 1258 1453 llol.
1275 1347 1351 1426 lid-

300 1475 411 1575 Pbl').

184 1607 232 1661 m.
247 1610 311 1662 ace.
324 1609 381 1672 ss,
393 1611 427 1662 aa
441 1610 467 1663 u.
483 1612 594 1675 noer,
616 1616 681 1665 tom.
695 1613 735 1676 u,
750 1626 776 1678 ρ.
791 1613 890 1666 rosor.

248 1704 313 1783 480
340 1706 472 1785 Passio
521 1709 840 1787 beatissimorum
879 1714 1098 1810 martyrum
1143 1707 1356 1787 Cosmaeet

300 1830 491 1919 Damiani‚
512 1832 697 1928 Antemii,
726 1832 878 1911 Leontii
905 1841 944 1911 et
969 1831 1178 1933 Euprepii,
1199 1831 1266 1934 qui
1281 1825 1356 1930 passi

300 1964 391 2032 sunt
408 1955 449 2029 in
467 1955 568 2054 ligea
585 1955 741 2034 civitate
754 1956 827 2033 sub
840 1955 1083 2034 Diocletiano
1097 1963 1140 2035 et
1157 1952 1360 2033 Maximiano
1392 2014 1394 2025 .

300 2075 619 2178 imperatoribus,
654 2077 720 2157 die
750 2104 787 2154 rr
818 2077 1004 2156 kalendas
1035 2078 1277 2158 novembres
1304 2072 1360 2175 (tol.

301 2199 519 2300 illl-bill).

185 2333 236 2385 led.
247 2331 325 2397 ibid,
339 2332 412 2386 add.
426 2336 459 2386 27
470 2335 554 2399 Sept,
566 2339 631 2387 tom.
645 2335 697 2401 vll,
707 2349 735 2400 p,
749 2336 852 2400 los-72,
865 2333 918 2387 alla
930 2334 1067 2387 versione.

254 2429 320 2508 490
346 2430 476 2508 Passio
519 2430 838 2509 beatissimorum
865 2440 1082 2532 martyrum
1131 2432 1317 2515 Servandi
1344 2435 1371 2506 et

307 2555 501 2650 Germani,
518 2555 586 2654 qui
602 2554 704 2655 passi
721 2566 810 2633 sunt
825 2580 849 2629 x
863 2553 1053 2633 kalendas
1067 2551 1373 2654 novembresllol.

192 2807 240 2862 m.
259 2808 337 2874 utu,
351 2809 385 2862 au
406 2810 433 2862 u.
446 2813 479 2863 aa
492 2793 561 2878 ou,
574 2816 640 2864 tom.
654 2813 684 2876 x,
698 2825 724 2876 p.
743 2812 829 2864 aoso.
847 2809 939 2863 uuuu
955 2809 1059 2863 noenu
1077 2811 1109 2865 ru
1123 2813 1222 2865 veron
1237 2813 1378 2873 maeon-

158 2904 275 2972 sracta,
289 2906 514 2961 dehominttus
526 2908 813 2973 christianismum.
826 2909 842 2959 t
854 2906 922 2973 tin).

244 3352 520 3445 Dcooxvm.
543 3353 668 3442 (lodex
688 3355 878 3466 signatus
899 3353 949 3445 N.
975 3353 1023 3444 k
1047 3377 1171 3443 num.
1197 3353 1321 3444 2199.

192 3580 327 3632 Foliorum
340 3583 383 3645 ll,
396 3586 525 3634 constans
543 3582 648 3635 laciniis
662 3584 809 3637 multorum
826 3581 950 3636 codicum
971 3580 1099 3634 diversae
1123 3581 1238 3638 formae
1260 3582 1388 3637 etaetatis.

160 3679 232 3731 inter
243 3691 311 3744 quas
324 3681 391 3732 baec
404 3681 623 3748 hagiograpbioa.

261 3776 299 3850 l⁰
324 3777 420 3877 [Vita
439 3780 559 3856 sancti
580 3779 733 3880 Privati]
751 3778 829 3880 (fol.
852 3778 939 3854 lllls
961 3785 1001 3856 et
1019 3777 1109 3854 l'lter
1126 3785 1151 3870 l.

195 3898 243 3953 Dd.
257 3902 323 3954 Act.
337 3903 393 3969 ἃᾶ,
406 3903 440 3955 ad
461 3902 489 3956 d.
503 3905 532 3955 tl
548 3905 625 3970 lup,
646 3908 712 3957 tom.
732 3905 773 3968 lv,
796 3919 821 3970 p.
835 3904 938 3957 meto.
952 3903 1089 3969 acephala
1111 3903 1176 3960 ine.
1189 3919 1208 3960 a
1232 3906 1322 3960 verbis
1331 3912 1390 3957 auct

161 3999 328 4053 consitium
339 4013 395 4056 nec
401 4004 556 4069 poputum
569 4003 603 4056 tn
615 4004 680 4058 loco
699 4004 857 4059 tutissimo
874 4005 960 4069 (num.
972 4005 991 4056 5
1001 4003 1097 4067 med).
1111 4005 1262 4074 Descripta
1271 4019 1339 4059 saer.
1348 4003 1390 4054 xlt.

261 4093 300 4170 2⁰
326 4088 519 4197 [Miracula
538 4099 673 4178 beatae
690 4100 833 4179 Mariae
849 4098 1029 4201 Virginis]
1046 4098 1129 4199 (fol.
1154 4101 1210 4183 Ἠ
1227 4111 1269 4182 et
1284 4101 1352 4200 23).

197 4229 334 4294 Descripta
348 4242 419 4283 saec.
435 4232 502 4285 lllll.

262 4324 302 4401 3⁰
323 4325 520 4426 [Carmina
538 4330 588 4408 de
605 4331 762 4433 sanctis]
778 4330 856 4432 (fol.
877 4331 948 4431 ll).

200 4460 338 4525 Descripta
362 4474 432 4515 saec.
451 4465 513 4535 llll.
535 4492 568 4502 —
588 4467 728 4532 teguntur
741 4465 768 4517 ln
783 4466 835 4519 hoc
856 4465 1009 4534 fragmento
1028 4475 1147 4518 carmen
1161 4467 1202 4521 de
1215 4471 1247 4522 S.
1261 4462 1394 4522 usuardo,

166 4558 241 4622 quod
253 4558 308 4612 ino.
441 4561 593 4629 impetrat
605 4561 656 4617 tio
666 4564 796 4618 sanctae
807 4577 830 4617 a
840 4574 913 4631 repe
918 4560 975 4632 pio
986 4561 1196 4631 Lemmrdua,

446 4659 480 4712 Ut
492 4659 609 4714 vinctor
624 4673 699 4728 quos
711 4661 782 4714 vult
792 4659 922 4727 solvere,
933 4658 1038 4714 solvat
1048 4671 1137 4714 eos...
