3076 5498
327 334 519 384 1111131111.
540 335 655 385 rums.
673 335 888 385 -13311111,
908 336 1049 387 1111331.
1071 335 1161 386 itaet.
1300 322 1366 388 239

172 499 270 553 boronus
280 501 344 554 dicit
356 505 507 568 apostatam
517 503 645 568 quotiens
669 503 862 569 explanatione
883 503 1035 557 delectatus
1047 505 1151 559 exultat
1171 506 1267 559 elatus.
1291 507 1367 559 0113

171 601 422 667 tuoqucpontitlcalis
435 603 521 667 apicis
533 608 673 668 tamquam
686 604 727 655 vir
748 602 879 669 providus
899 616 1039 657 assumere
1059 605 1207 669 pertimuit.
1229 608 1296 659 Nam
1317 605 1366 672 qui

170 708 237 751 311311
251 701 277 752 11
290 713 319 753 33
332 701 427 766 recipit
445 701 610 766 animamm,
623 715 653 754 se
666 703 755 767 ipsum
769 702 841 768 apud
858 704 942 755 ileum
955 703 1058 770 obligat
1070 710 1097 756 et
1114 717 1163 770 pro
1176 706 1262 758 salute
1274 704 1368 758 subdi·

169 798 234 849 torum
254 798 442 866 fidejussorem
463 800 605 853 constituit
623 804 650 853 et
670 813 851 865 sponsorem,
874 801 903 852 in
924 806 1029 853 tantum
1052 807 1082 854 ut
1102 802 1204 856 damna
1224 804 1369 856 restituere

146 891 272 963 tteneatur,
282 899 304 951 si
315 898 439 953 debitam
451 899 665 954 sollicitudinem
677 914 734 953 non
746 899 824 952 dedit
837 907 866 954 ut
875 900 1000 953 subditus
1013 915 1088 966 suus,
1099 915 1148 967 pro
1158 916 1213 969 quo
1223 900 1369 969 fidejussor

167 995 236 1055 utitit,
247 1011 322 1050 suam
333 997 448 1051 deberet
458 999 566 1063 operari
579 998 706 1052 salutem.
717 999 794 1051 tlnde
803 999 870 1050 dicit
881 999 1027 1052 salomon:
1048 999 1122 1053 Noli
1144 1013 1210 1054 esse
1231 1000 1364 1054 cremiis

167 1094 342 1165 piueppeet
352 1110 466 1150 mactes
479 1110 555 1151 suos
568 1100 599 1150 et
609 1110 643 1151 se
655 1098 747 1151 vades
761 1097 900 1164 offerunt
913 1111 975 1164 pro
988 1097 1118 1165 debitis,·
1132 1104 1159 1152 et
1171 1100 1236 1152 alibi
1251 1115 1257 1151 :
1272 1101 1368 1154 Homo

166 1193 254 1248 1111113
260 1196 395 1262 plaudet
407 1195 554 1249 manebus
574 1208 645 1250 cum
669 1196 871 1262 spoponderit
883 1209 945 1263 pro
965 1196 1067 1251 amico
1084 1210 1151 1251 sato.
1170 1198 1209 1251 td
1228 1199 1362 1252 bonorem

167 1293 313 1355 pnelationis
324 1295 447 1348 exultant
460 1295 569 1361 plurimi
581 1311 590 1361 ‚·
604 1294 651 1347 sed
665 1296 688 1346 si
698 1299 848 1360 pensarent
860 1296 952 1350 oneris
973 1297 1136 1363 periculum,
1158 1298 1222 1363 plus
1242 1297 1368 1351 dolerent

130 1384 357 1446 1133133111
370 1406 468 1446 manus
481 1407 544 1447 suas
556 1394 712 1447 defixemnt
725 1408 773 1460 pro
793 1394 910 1447 subditis
924 1397 1000 1461 quasi
1022 1395 1085 1448 data
1104 1395 1157 1449 lide
1174 1396 1305 1463 jubentes
1315 1408 1367 1462 pro

167 1489 201 1556 cis,
211 1498 233 1544 et
245 1506 291 1558 pro
303 1491 405 1546 debitis
418 1494 541 1560 ipsorum
554 1507 583 1546 se
596 1495 670 1559 ipsos
682 1493 765 1546 rades
777 1493 923 1559 dederunt,
936 1501 1076 1562 tamquam
1096 1495 1222 1562 proprias
1234 1494 1369 1562 impigno-

167 1595 236 1644 rantes
246 1593 349 1646 animas
363 1606 411 1660 pro
424 1593 542 1647 aliorum
555 1594 653 1646 salute.
673 1595 750 1647 Unde
773 1607 884 1647 necesse
903 1599 1003 1647 estant
1023 1595 1137 1648 omnino
1158 1607 1215 1648 non
1228 1594 1368 1662 spondere

166 1701 202 1753 pto
211 1691 255 1745 alio
265 1699 311 1746 aut
320 1693 354 1746 de
367 1694 540 1747 restitutione
552 1693 669 1746 sollicite
681 1693 809 1762 cogitare,
823 1695 894 1746 sicut
921 1694 1021 1763 legitur
1034 1695 1063 1746 in
1073 1695 1260 1748 Ecclesiastico
1274 1712 1281 1748 :
1299 1696 1370 1750 Nori

167 1790 292 1853 1113111333
302 1804 400 1858 seper
412 1791 560 1845 virtutem
579 1795 686 1858 trecen,⁸
709 1793 789 1859 quod
808 1793 837 1845 si
854 1793 1070 1859 spoponderis,
1090 1794 1184 1860 quari
1199 1794 1370 1848 restituens

130 1882 252 1952 11133113.
275 1891 302 1943 Si
324 1891 399 1944 enim
420 1892 527 1945 debitor
551 1904 607 1945 non
631 1891 752 1956 soluerit,
783 1892 895 1944 tolletur
915 1890 1084 1958 fidejussoris
1107 1891 1233 1959 vadium,
1262 1893 1370 1947 dicente

169 1983 304 2042 menone:
321 1989 405 2042 Tolle
425 1990 643 2044 vestimentem
664 1991 731 2056 matr
750 1991 805 2056 qui
824 1990 990 2058 fidejussor
1009 1991 1117 2043 31311111
1135 1991 1237 2046 alicui
1256 1993 1287 2044 et
1307 2004 1370 2058 pro

168 2086 290 2142 33113133
312 2088 409 2158 auser
427 2089 625 2157 3193333133
648 2089 687 2144 ab
707 2102 750 2144 eo.
772 2090 939 2156 Fideiussor,
962 2091 1121 2155 opraelate,
1136 2091 1248 2158 quidem
1268 2104 1297 2143 es
1319 2104 1369 2157 pro

169 2183 260 2253 subdito,
272 2190 318 2255 qui
328 2189 412 2243 debet
423 2191 543 2242 animam
556 2204 634 2243 suam
646 2192 709 2244 bec.
729 2192 897 2256 Quapropter
919 2190 1035 2243 sollicite
1057 2190 1153 2242 timeas
1174 2193 1201 2243 et
1218 2191 1370 2256 prudenter

171 2283 291 2350 pnudeas,
305 2300 340 2340 ne
352 2287 477 2340 debitore
491 2300 546 2340 non
559 2289 681 2341 solvente
695 2287 826 2340 damnum
840 2301 855 2340 a
868 2293 895 2340 te
908 2289 1031 2354 requirat
1053 2289 1184 2341 bominus
1204 2288 1368 2342 indistricto
1461 2276 1465 2281 ’

130 2366 162 2423 ¹
170 2376 255 2449 illicio,
265 2387 336 2453 apud
351 2401 434 2454 quem
447 2386 593 2454 fidejussor
604 2388 721 2440 existere
733 2388 851 2442 voluisti.
865 2388 908 2440 Sic
921 2389 1013 2453 itaque
1024 2388 1064 2440 vir
1076 2393 1186 2440 sanctus
1198 2392 1225 2440 et
1236 2389 1370 2441 honorem

171 2473 293 2537 lomidatit
305 2491 332 2538 31
343 2498 425 2549 3113,
439 2500 474 2539 ne
487 2488 687 2552 opprimeretur
701 2488 752 2539 sub
773 2499 858 2540 onere
879 2492 925 2539 aut
938 2491 1115 2539 evanesceret
1136 2500 1168 2539 ex
1181 2487 1294 2540 bonore.
1311 2489 1369 2539 Non

173 2570 275 2646 letitabat
287 2598 358 2638 onus
371 2584 486 2639 honoris
499 2585 622 2651 ambiti0,
637 2586 684 2639 sed
695 2587 785 2652 potius
798 2587 890 2639 oneris
901 2586 1019 2652 gravitas
1032 2584 1227 2638 declinandum
1238 2585 1370 2651 probabat

172 2670 281 2737 lotorem.
294 2685 422 2738 librabat
433 2687 508 2739 enim
524 2690 630 2739 montes
644 2687 672 2738 in
685 2686 817 2751 pondere,
831 2686 905 2752 quod
919 2686 998 2751 pauci
1018 2685 1141 2751 faciunt3
1159 2686 1234 2738 unde
1251 2685 1285 2738 de
1299 2686 1369 2752 ipso·

173 2783 215 2828 mn
224 2784 347 2845 paucitate
359 2786 475 2838 miratur
486 2791 513 2838 et
533 2786 668 2838 exclamat
688 2784 783 2838 dicens
796 2785 879 2837 isaias
899 2801 906 2835 ε
934 2783 1008 2844 Quis
1028 2783 1157 2837 libravit
1178 2783 1213 2838 irc
1230 2784 1372 2851 peredere

133 2856 164 2916 Β
173 2881 300 2936 maeret
313 2884 408 2937 colles
421 2883 614 2937 instatere?
637 2885 664 2936 Si
678 2891 786 2938 montes
808 2884 939 2936 libremus
963 2884 991 2935 in
1015 2882 1139 2948 pondere
1155 2896 1216 2948 suo,
1230 2884 1317 2949 major
1329 2887 1371 2936 est

174 2975 328 3034 lttdmositas
346 2985 479 3036 montium
499 2998 580 3050 quam
602 2997 697 3037 eorum
718 2983 842 3037 altitudo.
864 2986 930 3035 Nam
952 2981 1067 3035 altitudo
1088 2983 1213 3048 superari
1234 2987 1324 3048 potest
1343 2988 1371 3035 et

174 3070 258 3131 letibus
268 3083 432 3148 conculcari,
446 3083 678 3149 ponderositatem
691 3096 755 3137 vero
779 3084 912 3136 montium
943 3083 1004 3148 quis
1026 3083 1125 3148 poterit
1145 3083 1302 3135 sustineret
1321 3085 1371 3135 Per

174 3176 252 3228 montes
262 3184 349 3233 antem
363 3182 547 3247 intellegimus
560 3182 717 3248 dignitates
731 3196 800 3248 quae
814 3183 876 3247 plus
890 3182 991 3233 liabent
1004 3182 1032 3232 in
1054 3194 1140 3233 onere
1153 3194 1236 3247 quam
1252 3179 1371 3234 babeant

174 3261 288 3331 iltlonore
300 3295 308 3332 ι
320 3293 393 3345 quae
403 3280 507 3345 despici
521 3288 646 3347 possunt,
661 3280 709 3333 sed
723 3281 849 3348 aquibus
868 3280 969 3346 portari
983 3282 1107 3345 queunt?
1127 3280 1153 3331 Si
1167 3279 1250 3332 331133
1268 3279 1370 3332 librare

131 3340 162 3406 ⁸⁰
174 3366 271 3428 11111113
283 3378 310 3430 11
324 3385 433 3444 statere,
447 3386 567 3445 quantus
579 3394 708 3433 ascensus
720 3381 843 3440 collium,
852 3386 944 3431 tantus
958 3384 999 3430 est
1012 3383 1038 3430 et
1050 3379 1201 3430 descensus
1211 3379 1369 3431 eorumsic

172 3466 191 3513 et
202 3467 414 3542 indignitatibus,
427 3491 497 3543 quae
519 3492 566 3544 per
584 3480 668 3532 colles
690 3479 871 3545 designantur
886 3497 891 3530 ε
906 3478 928 3529 si
942 3476 1100 3529 ascenditur
1111 3476 1145 3528 ad
1158 3476 1366 3541 praelationem,

170 3559 318 3627 descenditur
328 3577 362 3629 ad
375 3578 545 3630 servitutem.
559 3579 674 3631 librans
688 3580 769 3645 igitur
778 3580 888 3631 animus
901 3579 950 3630 riri
964 3578 1051 3629 sancti
1076 3581 1184 3629 montes
1204 3578 1368 3642 inpendere

167 3666 304 3727 ttcollesin
317 3681 428 3740 statere,
452 3690 523 3730 onus
545 3676 573 3729 in
595 3679 738 3730 1131131331
760 3678 918 3730 servitutem
940 3677 967 3728 in
987 3675 1155 3741 praelatione
1177 3676 1320 3742 pensabat,
1343 3680 1370 3728 31

165 3773 282 3824 avertebat
292 3776 326 3826 ab
339 3777 399 3841 ejus
421 3777 514 3828 animo
531 3777 733 3830 considerando
754 3777 896 3829 servitutis
914 3789 1024 3828 omnem
1046 3773 1247 3826 affectationem
1268 3774 1370 3840 pracla-

130 3853 229 3921 trionis
241 3877 266 3923 et
278 3874 401 3927 lionoris.
414 3875 570 3929 suadebant
582 3877 666 3928 menti
680 3878 738 3941 ejus
751 3876 891 3941 pastoralis
905 3887 986 3927 curae
1000 3879 1110 3940 pensata
1124 3873 1253 3938 pericula,
1267 3880 1298 3926 ut
1313 3885 1369 3926 non

155 3973 310 4025 consentiret
322 3974 396 4026 votis
407 3975 577 4041 eligentium,
591 3976 638 4027 sed
651 3976 814 4028 occurrebat
836 3988 870 4027 ex
893 3974 1008 4027 adverso
1028 3973 1202 4040 evangelicae
1222 3973 1369 4038 parabolae

148 4068 304 4137 recordatio,
326 4072 401 4139 quod
420 4087 515 4126 servus
535 4075 581 4140 qui
604 4074 737 4127 talentum
758 4075 897 4138 accepite
919 4072 1033 4125 bomine
1054 4084 1104 4124 suo
1128 4074 1180 4134 [ac]
1202 4072 1323 4137 reposuit
1343 4076 1371 4123 31

144 4171 372 4240 abscondituma
386 4175 531 4239 pecuniam
551 4176 658 4228 bomini
680 4176 722 4227 sui
744 4176 776 4227 ad
799 4187 922 4227 mensam
945 4186 1001 4227 non
1022 4172 1097 4225 dedit
1118 4185 1170 4224 nec
1188 4173 1370 4237 multiplicare

137 4272 254 4336 curavit,
268 4278 406 4340 1311111311
421 4288 516 4328 servus
533 4276 622 4327 malus
634 4280 661 4327 et
673 4276 750 4342 piger
762 4274 946 4340 reprehensus
959 4277 1000 4324 est
1012 4285 1026 4323 a
1050 4272 1173 4337 Domino,
1186 4275 1213 4323 31
1237 4272 1368 4323 talentum

132 4373 263 4426 amittere
276 4375 377 4426 meruit
389 4373 465 4439 quod
478 4373 538 4426 sine
549 4375 661 4428 faenore
674 4375 829 4439 reportavit.
849 4375 881 4423 111
893 4385 966 4435 curn,
988 4372 1057 4422 sicut
1079 4371 1144 4422 dicit
1161 4370 1301 4436 Salomon,
1315 4369 1370 4436 qui

130 4472 299 4529 abscondit
311 4471 510 4540 frumentum
530 4474 736 4527 ntaledioetur
758 4473 791 4524 in
806 4469 1124 4538 populis‚benedictio
1144 4472 1249 4522 autem
1271 4480 1367 4536 super

130 4572 234 4639 caput
244 4572 457 4637 vendentium,
471 4575 498 4624 et
509 4571 628 4624 lterum:
650 4571 765 4624 Anime
785 4582 866 4636 petae
886 4567 1040 4621 berwdicit
1060 4566 1317 4635 impieta-stabitur,
1331 4569 1361 4619 et
