3076 5498
173 309 266 358 urau.
286 308 371 359 aar.
390 308 508 360 ranrs.
527 327 573 337 -
589 306 743 356 areuna.
763 305 810 355 an
827 305 905 354 oon.
925 303 1015 354 rtosa.
1157 287 1224 353 277

124 478 280 530 lemovicae
293 477 370 529 urbis
382 475 417 528 ad
441 488 488 528 serr
511 475 585 528 milia
598 473 886 539 circumcircaquaque
900 472 1097 538 replebat[ur];
1111 472 1226 538 singulis

124 595 125 621 t
137 577 240 629 crebris
253 576 363 644 ignibus
375 576 515 641 praeclaro
529 574 684 641 spectaculo
696 580 770 626 terra
779 573 907 626 rutilabat
917 585 982 638 prae
990 572 1224 626 multabomiuum

124 689 158 728 ox
169 688 269 728 carens
280 675 401 728 tenebris
413 674 481 726 inibi
495 673 653 740 quasidieru
663 673 777 726 alteram
788 671 986 738 praesentabat.
994 670 1092 724 turbis
1102 670 1226 738 undique

124 775 235 838 entibus,
248 774 372 840 undique
386 780 550 839 properatur
562 774 595 826 ad
614 773 770 838 sepulcrum
789 771 937 824 beatissimi
958 771 1087 824 Martialis
1099 770 1224 836 apostoli,

125 871 352 939 raeoceupatione
364 871 545 937 supplicando
563 878 590 924 et
611 869 777 937 suspirando
789 871 974 923 concurritur.
989 870 1148 923 Sacerdotes
1160 868 1224 923 oise-
1288 934 1291 943 ,

124 985 148 1022 ra
163 971 304 1030 libamina.
313 970 406 1037 populi
416 970 557 1023 cumulant
569 970 649 1022 donis
660 982 736 1022 sacra
749 969 854 1037 altaria,
864 969 979 1021 adorant
992 967 1137 1022 bominum
1148 969 1227 1021 votis·
1281 973 1368 1029 ‘coa

124 1084 173 1138 tus,
186 1075 283 1136 rogant
295 1070 448 1137 apostolum
462 1070 530 1122 lusis
541 1070 697 1136 gemitibus.
710 1070 859 1122 collectum
878 1070 959 1136 igitur
971 1069 1118 1122 concilium
1130 1069 1223 1122 decre·
1281 1041 1369 1094 ¹¹⁰b¹⁵·

124 1183 205 1223 anum
228 1169 287 1222 lieri
306 1169 453 1236 ieiunium.
467 1170 580 1235 Expleto
601 1175 692 1222 autern
710 1170 826 1236 jejunio,
840 1173 1048 1235 praesumentes
1060 1169 1088 1220 in
1101 1168 1225 1234 Domino,

124 1282 169 1322 ore
182 1282 214 1321 ac
228 1270 381 1322 reverentia
394 1268 534 1334 sepultura
547 1268 661 1334 apostoli
677 1274 824 1333 reseratur,
838 1281 939 1334 corpus
951 1281 1058 1321 sacrum
1074 1267 1109 1321 de
1120 1268 1226 1322 tumulo

124 1369 234 1430 ,odoris
254 1370 373 1421 suavitas
394 1367 588 1420 inenarrabilis
609 1367 801 1433 praesentibus
821 1367 992 1433 propinatur.
1007 1370 1075 1420 llum
1094 1380 1160 1421 vero
1178 1380 1227 1434 per

124 1482 137 1518 n
149 1468 297 1521 salvatoris
309 1468 407 1520 curisti
420 1467 554 1534 reliquiae
567 1466 730 1519 deseruntur
750 1467 875 1533 apostoli,
889 1467 1015 1520 mirabile
1032 1467 1117 1532 dictu,
1131 1479 1226 1520 cruces

124 1581 133 1618 a
154 1568 240 1620 sacris
259 1567 393 1620 altaribus
411 1565 492 1619 affixa
511 1565 639 1634 insignia,
654 1567 765 1619 exeunti
787 1572 903 1633 patrono
923 1567 1064 1620 humiliter
1084 1566 1225 1634 inclinata,

124 1666 305 1732 rpplicationis
326 1679 358 1719 ac
374 1666 547 1719 salutationis
567 1665 753 1732 impendenda
774 1665 965 1718 monstrabant
984 1666 1126 1732 obsequia.
1146 1667 1226 1719 Extra

129 1772 210 1831 taque
234 1778 334 1832 corpus
359 1779 465 1819 sacrum
491 1764 643 1818 honorifice
666 1764 828 1831 deportatur
851 1772 877 1818 et
899 1765 928 1817 in
950 1764 1070 1831 quodam
1094 1765 1227 1818 eminenti

125 1881 140 1918 c
160 1871 319 1919 reverenter
339 1866 498 1932 imponitur,
512 1867 586 1919 unde
608 1865 720 1918 liberior·
741 1865 854 1919 daretur
875 1864 983 1919 cunetis
1003 1865 1130 1931 gentibus
1141 1865 1228 1932 ipsius

143 1970 170 2017 et
192 1965 298 2016 facilior
318 1964 351 2016 ad
374 1966 462 2031 ipsum
485 1964 614 2017 omnibus
635 1969 820 2030 praestaretur
841 1976 977 2017 accessus.
991 1962 1149 2016 Adestbinc
1162 1964 1226 2017 inde

124 2063 198 2114 urba
221 2063 418 2129 languentium,
432 2063 557 2127 apostolo
571 2061 661 2115 tabida
682 2062 900 2128 praetenduntur
922 2063 1044 2115 membra
1060 2063 1225 2115 ardentium.

124 2175 153 2213 us
174 2160 237 2213 ilico
260 2161 335 2213 salus
363 2160 516 2213 desiderata
538 2159 710 2228 diffunditur,
732 2161 803 2228 ignis
827 2162 855 2213 in
879 2161 1011 2214 membris
1035 2160 1225 2229 exstinguitur,

124 2273 132 2310 s
152 2260 269 2324 sospitas
290 2260 470 2323 ministratur,
490 2260 579 2312 luctus
600 2261 628 2313 in
650 2260 777 2327 gaudium
800 2264 992 2313 commutatur.
1015 2263 1069 2313 liae
1088 2259 1124 2313 de
1144 2272 1225 2313 causa

124 2359 177 2411 ulie
188 2359 277 2422 locus,
291 2360 386 2425 inquo
400 2360 467 2412 baec
478 2360 548 2412 lacta
560 2365 634 2426 sunt,
647 2362 724 2412 Mons
742 2360 834 2427 gaudii
850 2365 1032 2426 nuncupatur.
1045 2360 1170 2426 Episcopi
1189 2361 1224 2414 de

125 2458 192 2509 olica
206 2461 334 2523 tractant,
348 2463 444 2510 contra
455 2459 518 2511 vitia
531 2457 681 2523 disputant,
696 2459 809 2511 virtutes
829 2459 1031 2524 commendant,
1045 2472 1061 2511 a
1074 2461 1225 2527 praesenti·

124 2571 142 2610 re
171 2559 253 2624 buius
281 2558 417 2611 illecebris
437 2559 607 2624 dissuadent,
630 2560 664 2613 de
684 2559 738 2612 vita
759 2559 869 2613 caelesti
893 2564 1061 2614 ammonent.
1086 2560 1226 2627 Principes

124 2663 150 2708 nt
166 2657 310 2724 justitiam,
322 2657 432 2710 firmant
453 2658 569 2711 invicem
591 2664 685 2711 tenere
708 2659 893 2711 concordiam.
916 2659 1010 2725 Populi
1034 2660 1226 2714 benedictione

124 2769 141 2807 r
152 2755 304 2807 antistitum
316 2773 323 2820 ;
337 2769 437 2821 corpus
450 2755 564 2822 apostoli
577 2769 640 2809 cum
652 2757 751 2823 gaudio
765 2761 922 2822 reportatur
933 2757 962 2809 in
974 2770 1025 2811 suo
1037 2757 1143 2811 tumulo
1157 2757 1225 2813 relo-

124 2854 266 2907 ‚iucunda
278 2854 446 2908 exultatione
458 2856 606 2909 concilium
622 2857 745 2921 solvitur,
759 2861 905 2923 tantaeque
922 2856 991 2910 dies·
1012 2856 1130 2911 laetitiae
1146 2859 1225 2911 anni·
1252 2850 1341 2907 ‘cod
1354 2849 1423 2907 diei.

140 2954 334 3007 constitutione
356 2956 449 3007 festiva
470 2956 603 3008 celebrari
625 2956 792 3009 decernitur.
814 2959 867 3009 Nos
888 2957 988 3023 ltaque,
1011 2957 1119 3023 iratres,
1142 2959 1227 3011 sacris

123 3051 298 3112 ollemnibus,
310 3052 458 3104 Martialem
471 3053 623 3118 apostolum
637 3054 771 3105 instanter
782 3052 999 3119 deprecemurut
1013 3060 1104 3108 nostra
1117 3062 1228 3122 peccata

124 3164 141 3200 rs
154 3151 351 3205 intercedendo
365 3151 465 3215 deleat,
480 3153 549 3204 mala
559 3153 707 3216 promerita
718 3153 879 3218 propitiatus
888 3160 1000 3222 avertat,
1012 3155 1084 3208 bona
1093 3156 1226 3221 conterat,

125 3249 251 3313 ustodiat,
265 3252 386 3315 quicum
401 3252 507 3303 Christo
521 3258 616 3320 regnat
628 3253 655 3304 in
669 3253 787 3305 saecula.
802 3256 897 3306 brnen.

124 3351 224 3399 culum
236 3349 403 3413 cujusdam
415 3350 559 3403 canonici
579 3351 865 3416 petragoricensis,
881 3352 936 3416 qui
954 3353 1083 3406 dicebat
1100 3357 1132 3406 et
1143 3354 1229 3407 rasit

124 3447 235 3498 ndario
255 3447 422 3500 Martialis
438 3449 585 3513 apostoli,
599 3449 729 3502 dicendo
742 3452 825 3514 quod
844 3453 960 3504 butus
984 3453 1151 3505 Mantinia
1168 3469 1230 3506 non

124 3546 265 3608 testulus,
278 3549 312 3597 et
330 3547 407 3611 quid
427 3548 490 3599 sibi
511 3548 639 3602 accidit.
658 3578 685 3586 -
697 3551 851 3603 canonicus
871 3551 982 3617 quidam
996 3553 1226 3620 petragoricensis

137 3644 242 3696 invenit
263 3644 291 3696 ln
313 3645 432 3711 quadarn
455 3647 569 3712 legenda
583 3660 683 3700 nomen
697 3648 768 3701 beati
782 3650 921 3714 Martialis,
936 3653 963 3702 et
975 3651 1011 3703 ibi
1022 3657 1082 3704 erat
1093 3651 1227 3718 scriptum

124 3742 161 3793 lia
179 3743 324 3809 apostoli.
346 3743 421 3808 Quod
444 3747 495 3797 sibi
517 3745 666 3812 displicuit,
685 3747 750 3813 quia
771 3751 919 3801 vocabatur
938 3749 1087 3815 apostolus.
1109 3754 1141 3804 Mt
1161 3752 1226 3818 quid

124 3843 319 3894 ecanonicusi
332 3844 380 3895 Ubi
400 3851 459 3896 erat
480 3846 611 3911 scriptum
633 3847 775 3914 apostoli,
790 3848 898 3914 scripsit
914 3849 1110 3918 confessoris,
1125 3857 1152 3904 et
1163 3852 1230 3905 rasit

124 3941 141 3990 lt
160 3942 204 3993 ael
226 3942 326 3994 scindit
345 3944 572 4009 apostemata
587 3945 646 3998 loco
668 3947 803 4012 apostoli
824 3948 933 4014 scripsit
949 3947 1147 4017 confessoris.
1160 3953 1228 4004 Mcce

135 4039 235 4090 accidit
255 4039 318 4093 sibi.
334 4043 518 4093 lncontinenti
540 4056 604 4095 mox
624 4044 652 4095 in
673 4044 719 4096 illa
734 4046 809 4109 bora,
824 4046 852 4097 in
875 4060 929 4113 qua
941 4049 1049 4113 scripsit
1061 4055 1088 4101 et
1100 4050 1189 4115 posuit
1200 4051 1230 4103 in

124 4140 216 4191 ostoli
236 4138 436 4205 corcsescoru'c,
452 4141 537 4192 lactus
560 4147 600 4193 est
614 4155 712 4195 caecus
731 4150 757 4195 et
769 4145 880 4197 orbatus
901 4139 1019 4211 penitus,
1033 4153 1060 4199 et
1080 4161 1230 4214 numquam

124 4251 137 4287 c
158 4238 192 4290 de
214 4244 305 4290 cetero
327 4238 438 4291 ridebit.
453 4240 542 4305 dliqni
556 4240 652 4292 dicunt
664 4242 736 4307 quod
751 4243 847 4295 beatus
860 4245 988 4296 Martialis
1002 4259 1057 4298 non
1069 4252 1111 4298 est
1123 4253 1229 4313 aposto·

124 4335 153 4387 ul
167 4350 223 4389 non
238 4342 292 4387 stat
304 4337 331 4386 in
346 4338 469 4399 veritate,
483 4338 546 4403 quia
561 4344 649 4402 potest
662 4341 772 4404 probari
785 4355 835 4407 per
847 4341 915 4394 duas
928 4344 1046 4396 rationes
1060 4343 1112 4397 lide
1123 4344 1229 4412 dignas,

133 4435 203 4487 aliis.
219 4435 286 4497 Quia
309 4441 395 4500 potest
417 4437 504 4501 primo
528 4437 647 4502 probari,
662 4439 726 4504 quia
748 4441 888 4505 apostolus
906 4441 1102 4508 interpretatur
1124 4445 1233 4510 missus,

124 4543 212 4588 reatus
225 4534 357 4587 Martialis
380 4542 469 4601 potest
489 4537 579 4589 vocari
600 4539 752 4603 apostolus,
765 4540 829 4604 quia
842 4553 875 4591 cx
888 4546 1033 4605 praecepto
1052 4543 1098 4594 bei
1111 4556 1161 4608 per
1172 4543 1234 4596 bea-
