3076 5498
147 109 192 176 90
490 124 617 176 carm.
637 123 738 174 coen
759 122 934 174 nemean.
953 122 1033 174 nan.

147 292 266 361 implens
279 299 306 346 et
317 292 437 346 lacrimis
449 306 546 347 omnes
556 305 627 360 quos
639 291 795 347 offendebat
815 291 848 344 ad
863 292 995 346 auxilium
1016 292 1124 346 ululatu
1132 297 1160 346 et
1172 293 1277 360 gemitu
1287 306 1379 360 provo·

150 390 238 447 eabat.
252 393 324 446 Talis
335 396 378 446 est
390 398 561 460 peccatorum
575 392 701 459 redditio,
713 405 777 446 sera
789 405 898 458 semper
910 392 1079 458 paenitentia
1089 404 1140 458 per
1152 396 1291 446 tormenta
1301 393 1380 446 susci·

149 493 224 559 pitur
233 499 260 546 et
272 492 419 547 illecebrae
431 492 579 559 voluptatis
592 492 696 559 asperis
708 497 735 546 et
746 493 847 545 amaris
859 491 979 546 exitibus
992 493 1155 559 puniuntur.
1169 494 1295 560 Cumque
1306 493 1381 547 mise

150 593 245 646 rabilis
258 592 463 646 misericordem
476 593 612 660 aspiceret
629 593 728 658 vitum,
741 592 834 658 petivit
845 598 876 645 ιιι
888 592 977 660 potuit
995 592 1047 645 sibi
1060 592 1198 660 refugium
1211 598 1239 645 et
1250 597 1282 646 ιιι
1297 593 1322 647 ei
1333 593 1381 645 im·

149 691 283 758 penderet
294 705 360 746 suae
372 692 577 746 intercessionis
588 690 756 760 suffragium.
770 691 878 745 hudivit
898 690 1095 758 misericordia,
1109 696 1137 744 et
1150 691 1286 758 pontifex,
1297 698 1382 746 tactam
1396 693 1421 748 ιΙ

149 789 244 845 dolore
255 798 282 844 et
293 792 482 858 compassione
495 792 671 855 intrinsecus,
684 792 812 845 convenit
824 797 955 845 tortorem
968 791 1053 844 multa
1064 803 1157 858 prece,
1166 791 1284 859 supplici
1296 797 1383 858 postu·

149 890 262 954 latione,
275 896 305 944 ut
317 891 509 957 propitiaretur
521 904 553 944 ac
565 891 721 945 flecteretur
740 893 839 944 miseco
851 891 1038 959 indulgentiae
1056 890 1179 944 lenitate.
1193 891 1343 957 Abnegavit
1358 896 1384 945 et

152 991 278 1058 reppulit,
293 1004 344 1043 nec
356 1003 419 1043 eum
429 991 601 1057 aliquatenus
613 990 709 1044 andire
722 992 869 1044 consensit.
883 991 960 1043 lllius
974 990 1073 1057 flagitia
1086 994 1115 1042 el
1127 990 1253 1045 facinora
1265 991 1383 1044 animum

147 1088 248 1156 judicis
266 1090 442 1143 infrenabant
453 1076 491 1144 ne
501 1088 656 1143 flecteretur
674 1090 870 1144 misericordia.
885 1090 964 1144 Petiit
982 1089 1108 1158 multum,
1123 1089 1253 1156 repulsus
1264 1094 1323 1155 est;
1340 1089 1383 1140 tri·

150 1187 260 1255 plicavit
270 1202 390 1255 precem,
403 1194 431 1242 et
443 1189 552 1244 auditus
564 1203 621 1243 non
641 1195 691 1243 est.
705 1190 773 1254 Quid
786 1190 887 1243 iaceret
905 1190 1011 1256 pietas?
1022 1201 1078 1256 qno
1090 1202 1121 1242 se
1140 1190 1283 1243 verteretl
1299 1190 1382 1242 llomo

150 1288 289 1340 hominem
303 1302 393 1355 neque
404 1302 501 1357 cogere
514 1303 604 1357 neque
624 1290 729 1356 precari
751 1289 936 1356 praevalebat,
949 1294 978 1342 et
989 1289 1076 1356 pietas
1099 1289 1283 1342 nihilominus
1294 1288 1380 1341 incre·

150 1386 251 1439 scebat.
264 1384 368 1439 beiecit
379 1386 414 1439 ab
427 1388 547 1455 homine,
560 1388 700 1450 curritur2
720 1389 753 1441 ad
766 1388 870 1440 fontem
883 1387 993 1454 saepius
1011 1391 1155 1454 expertum
1168 1384 1381 1440 misericordiae.

151 1487 244 1551 ltaque
256 1497 403 1539 conversus
416 1484 452 1539 ad
465 1487 619 1553 bominum,
632 1487 755 1553 porrexit
765 1490 826 1540 vota
840 1487 869 1538 in
881 1485 1000 1553 caelum,
1014 1499 1098 1540 orans
1108 1492 1140 1540 ut
1151 1487 1254 1540 misero
1266 1490 1337 1539 esset
1354 1485 1381 1537 in

152 1581 283 1636 auxilium
294 1588 320 1637 et
332 1584 448 1638 solveret
456 1586 543 1652 jussio
556 1585 701 1638 invisibilis
713 1591 741 1637 et
753 1586 928 1651 omnipotens
945 1585 1019 1651 quod
1031 1583 1160 1638 debilitas
1179 1584 1339 1650 despexerat
1354 1589 1381 1637 et

152 1683 284 1739 crudelis.

382 1786 473 1839 Audiit
484 1787 662 1854 omnipotens
673 1787 819 1855 subitoque
831 1787 960 1855 ligamina
972 1785 1070 1852 solvit;

381 1886 475 1940 vincla
486 1887 589 1940 cadunt
600 1893 629 1941 et
641 1901 722 1942 nemo
735 1893 809 1954 patet
820 1888 867 1954 qui
880 1886 989 1940 vincula
1001 1887 1099 1952 solvat,

381 1986 459 2039 Nulla
471 2000 579 2054 manns,
592 1988 633 2040 vis
646 1987 731 2053 nulla,
745 1987 790 2039 bei
804 1987 856 2039 nisi
877 1986 988 2053 jussic³
1001 1984 1112 2039 summi.

152 2083 276 2148 cumque
289 2084 340 2137 hoc
352 2084 437 2150 judex
449 2087 655 2154 obstupefactus
668 2087 811 2153 aspiceret,
828 2086 961 2140 conflrsns
973 2090 1001 2139 et
1013 2085 1113 2139 timore
1124 2096 1267 2152 pervasus,
1280 2081 1421 2136 corrru-

153 2182 249 2248 etipse
262 2183 296 2235 ad
309 2183 394 2250 pedes
406 2188 502 2253 sancti,
516 2187 738 2240 inoboedientiae
751 2186 884 2253 compede
896 2187 1014 2249 vinetus,
1026 2186 1189 2252 petensjam
1197 2189 1225 2236 et
1233 2181 1421 2249 implorans

153 2282 265 2334 veniam
278 2282 341 2351 sibi,
354 2298 435 2350 quam
449 2288 574 2352 proximo
586 2287 713 2341 noluerat
724 2287 884 2352 impendere
902 2286 1061 2353 postulanti.
1083 2283 1210 2352 indulget
1227 2282 1318 2335 vincto
1330 2290 1420 2348 pet·

153 2380 272 2448 culpam,
286 2382 376 2436 soluto
397 2397 445 2450 per
465 2387 591 2453 gratiam,
613 2393 719 2438 tantum
731 2386 845 2451 gratiam
865 2385 1006 2451 postulans
1023 2396 1078 2451 qua
1098 2382 1232 2436 solvatur.
1251 2382 1291 2434 lta
1310 2381 1411 2432 bens

153 2486 283 2546 operatus
295 2483 324 2534 in
336 2496 454 2552 servum,
468 2485 545 2538 illum
559 2490 647 2550 reatu,
661 2485 739 2537 illum
751 2483 956 2538 inoboedientia
966 2482 1135 2550 justificavit,

187 2581 238 2633 1¹7.
255 2584 327 2636 llaec
339 2597 424 2650 pauca
436 2585 546 2638 divinae
559 2586 665 2638 virtutis
678 2583 810 2636 miracula
828 2596 877 2649 per
893 2583 982 2636 virum
999 2587 1127 2636 sanctum
1140 2581 1223 2635 uobis
1233 2583 1392 2639 monstrata

156 2691 207 2732 nos
219 2694 268 2746 pro
282 2683 392 2738 modulo
406 2691 498 2739 nostro
520 2686 618 2738 litteris
639 2684 776 2738 indicibus
793 2683 910 2749 posteris
929 2682 963 2736 ad
982 2681 1127 2736 scientiam
1139 2680 1238 2734 salutis
1248 2665 1421 2734 annalem!

155 2791 227 2847 mus,
240 2785 268 2833 et
279 2781 394 2850 digitum
406 2786 462 2849 liei,
476 2798 525 2850 per
537 2797 618 2850 quem
632 2795 763 2850 oppressa
783 2784 927 2849 Aegyptus,
946 2794 997 2847 per
1013 2793 1096 2847 quem
1116 2780 1224 2847 ejectus
1240 2785 1283 2834 est
1297 2776 1383 2831 inimi·

155 2890 213 2944 cus,
227 2893 277 2945 per
287 2894 370 2947 quem
385 2896 515 2937 mensura
528 2883 601 2950 hdei,
616 2897 665 2950 per·
684 2895 766 2949 quem
787 2882 885 2935 divisio
908 2881 1102 2934 charismatum
1115 2886 1158 2933 est
1173 2878 1380 2944 divinorum,in

155 2974 200 3029 bis
210 2985 352 3044 operatum
365 2982 521 3047 adoramus,
535 2983 679 3048 exteriora,
692 2981 755 3047 quia
768 2985 833 3033 sunt
843 2979 970 3059 visibilia,
983 2980 1061 3046 quasi
1083 2978 1181 3032 faciem
1204 2978 1292 3044 patris
1302 2974 1380 3031 neon

155 3077 298 3143 pulchram
310 3080 494 3148 decoramque
508 3083 652 3148 pingentes
664 3086 690 3133 et
701 3080 840 3132 coloribus
852 3080 998 3132 verborum
1010 3075 1175 3147 ignobilium
1192 3076 1381 3131 informantes

153 3176 205 3229 sed
218 3179 240 3230 si
253 3191 315 3232 cum
328 3179 475 3234 sudoribus
487 3187 515 3234 et
531 3181 625 3234 labore
637 3181 680 3232 vix
694 3180 869 3246 pervenimus
887 3178 922 3231 ad
939 3178 1051 3245 ostium,
1065 3176 1092 3229 id
1104 3175 1192 3230 estad
1206 3175 1383 3244 comprelten·
1393 3177 1421 3231 ii

154 3277 260 3330 sionem
273 3282 449 3347 exteriorum,
463 3281 576 3348 quidde
598 3279 776 3333 interioribus
798 3276 952 3331 faciemus?
971 3275 1111 3344 quomodo
1124 3276 1221 3329 clausa
1233 3280 1262 3329 et
1272 3276 1385 3331 abscon·

155 3375 212 3429 dita
225 3379 449 3444 penetrabimus?
461 3381 593 3433 ttlmlrum
607 3380 653 3432 ille
665 3391 760 3432 servus
772 3376 819 3429 liei
833 3382 861 3428 et
872 3376 901 3428 in
913 3376 965 3430 hoc
975 3376 1094 3430 maxime
1103 3388 1135 3428 ac
1147 3374 1270 3429 sollicite
1279 3375 1388 3430 servivit

153 3477 209 3529 beo
219 3478 284 3543 quia
297 3491 391 3531 vocem
404 3481 462 3547 ejus
475 3481 634 3533 medullitus
655 3478 804 3542 obaudivit,
829 3491 911 3544 quam
930 3475 1073 3543 evangelio
1085 3473 1286 3543 promulgante
1298 3487 1389 3542 perce·

155 3576 196 3644 pit
212 3594 219 3631 ε
237 3579 281 3631 ilc
293 3581 397 3633 autem
409 3592 481 3634 cum
493 3583 644 3647 oraveris,
658 3580 756 3646 inquit,
779 3579 868 3631 intra
889 3577 924 3629 in
941 3575 1119 3630 cubiculum
1132 3577 1226 3629 mcum
1237 3578 1270 3630 et
1282 3577 1390 3632 οιαιιιο

155 3678 432 3745 ostiam-apamen
442 3681 617 3745 caumatum
631 3681 725 3748 igitur1
735 3680 836 3732 mimm
850 3680 872 3731 si
885 3690 985 3731 arcana
994 3677 1054 3741 eius
1064 3674 1215 3743 nequimus
1227 3689 1391 3746 agnoscere,
1406 3680 1421 3732 ι

156 3778 203 3844 qui
216 3784 291 3832 extra
303 3781 402 3832 ostium
415 3779 608 3845 compellimur
620 3780 775 3833 excubare?
787 3780 921 3831 Nimirum
934 3776 1094 3830 inimicitiae
1112 3783 1140 3829 et
1150 3775 1318 3831 detrimenti
1330 3791 1391 3832 cau·

156 3890 213 3930 sam
225 3879 385 3945 deputabat,
398 3881 420 3931 si
433 3881 476 3933 vel
496 3881 601 3933 amicus
622 3883 728 3932 secreta
750 3892 799 3932 sna
820 3882 989 3947 agnosceret.
1012 3879 1126 3945 Legerat
1146 3876 1227 3930 enim
1245 3878 1392 3933 Ezechiam

157 3992 248 4047 regem
261 3981 289 4032 in
302 3980 355 4034 hoo
367 3983 451 4033 heum
465 3980 516 4033 sibi
530 3980 693 4047 placabilem
716 3979 869 4046 improvide
887 3976 1048 4043 offendisse,
1070 3976 1144 4044 quod
1157 3978 1269 4030 nuntiis
1280 3980 1393 4048 Babylo

156 4081 209 4134 niis
221 4080 365 4134 thesauros
377 4094 441 4135 suos
454 4085 481 4133 et
493 4085 646 4134 aromatum
664 4081 748 4134 cellas
769 4081 897 4134 inventus
918 4083 946 4132 et
962 4078 1150 4144 reprehensus
1167 4083 1213 4132 est
1225 4081 1394 4136 ostendisse.

191 4322 220 4334 ·—
231 4299 243 4334 2
254 4294 377 4349 cucurrit
388 4298 412 4348 2.
426 4324 459 4332 -
470 4299 482 4335 ³
493 4295 561 4349 visio
574 4298 598 4363 l,
611 4298 636 4349 2.

187 4379 280 4434 Num.
294 4379 344 4434 1⁷.
360 4407 389 4418 -
402 4381 410 4416 ¹
423 4391 488 4446 ergo
500 4380 525 4433 Ξ.
