3076 5498
364 352 457 401 000.
476 351 560 402 000.
580 353 698 402 euers.
719 373 764 386 -
780 351 859 403 con.
880 351 971 404 000.
1252 337 1290 402 11

153 518 229 595 100
246 519 378 599 Passio
408 521 530 599 sancti
559 516 733 622 Gregorii
765 522 984 623 presbyteri
1015 523 1240 625 [Spoletani]
1258 528 1296 602 et

215 654 410 754 martyris
431 677 532 755 quae
551 654 694 733 colitur
720 680 799 732 urm
827 654 1012 735 kalendas
1026 657 1195 756 januarii
1215 656 1292 756 (iol.

214 785 381 886 bii-bil.

57 918 118 970 Ed.
143 934 204 987 ap.
217 922 337 988 surium,
350 922 384 975 ad
397 922 425 975 d.
439 925 472 976 04
490 927 551 975 000.
565 923 602 987 (p.
617 921 685 983 307).

151 1021 228 1097 170
248 1021 379 1100 Passio
409 1027 634 1117 sanctorum
666 1021 795 1098 Savini
827 1022 1016 1123 episcopi,
1046 1020 1295 1123 Exuperantii

215 1153 254 1223 et
273 1144 457 1242 Marcelli,
478 1168 578 1247 quae
597 1145 740 1223 colitur
757 1170 800 1222 nr
829 1136 1024 1224 kalendas
1028 1146 1197 1246 januarii
1216 1145 1293 1245 (fol.

216 1272 383 1372 blf-bill.

67 1401 125 1454 Ed.
148 1419 206 1473 ap.
222 1406 372 1470 baluzium,
387 1405 558 1458 Marcellae.
572 1405 625 1470 (ed.
640 1406 744 1470 blansi),
758 1412 824 1459 tom.
840 1406 861 1471 l,
875 1420 902 1471 p.
918 1407 1002 1457 40-44.

155 1505 229 1583 180
248 1505 333 1583 Vita
350 1509 504 1582 sanctae
522 1505 813 1606 Euphrosynae,
834 1527 934 1606 quae
952 1504 1095 1583 colitur
1121 1503 1297 1581 kalendis

211 1628 380 1730 januarii
399 1628 477 1729 (iol.
495 1628 689 1728 5600600).0

161 1753 232 1832 190
250 1753 383 1832 Passio
397 1754 519 1832 sancti
535 1753 638 1832 Petri
656 1753 847 1855 [balsami]
866 1752 1061 1854 martyris,
1078 1776 1180 1854 quae
1198 1752 1296 1831 coli-

215 1887 342 1956 turm
362 1898 483 1954 nonas
497 1877 666 1977 januarii
681 1876 758 1975 (fol.
781 1876 955 1976 000-000).

77 2002 132 2056 ssd·
151 2009 226 2063 Act.
242 2009 304 2072 80,
318 2009 352 2061 00
365 2010 392 2061 d.
406 2011 505 2073 3400,
519 2014 584 2062 tom.
600 2011 621 2073 l,
635 2024 660 2075 p.
676 2011 733 2062 400.

154 2106 228 2184 000
247 2108 378 2186 Passio
396 2109 518 2185 sancti
545 2108 642 2207 Lupi
671 2108 845 2208 episcopi
872 2107 1131 2208 [senonensis]
1149 2114 1188 2185 et
1205 2129 1298 2184 con·

211 2229 383 2328 fessoris,
418 2254 519 2333 quae
553 2230 701 2309 colitur
729 2229 909 2308 kalendis
943 2231 1180 2331 septembris
1213 2229 1292 2329 (iol.

211 2353 381 2444 000-630).

90 2480 138 2533 Ed·
153 2485 239 2551 inid,
252 2487 287 2540 ad
299 2487 328 2541 d.
344 2491 354 2540 l
369 2489 453 2553 Sept,
467 2492 532 2539 tom.
547 2489 568 2551 1,
582 2501 608 2552 p.
623 2489 727 2540 ano-ot.
742 2491 829 2539 000.
844 2502 950 2542 0000.
964 2491 1006 2554 ae,
1020 2491 1062 2541 27.

158 2584 228 2661 010
260 2586 393 2663 Passio
419 2591 574 2663 sanctae
604 2583 717 2663 Afrae
753 2587 948 2686 martyris,
981 2611 1082 2689 quae
1109 2586 1296 2666 recolitur

214 2711 328 2788 nonis
346 2710 498 2810 augusti
512 2708 590 2809 (fol.
607 2708 803 2802 600650).0

106 2833 173 2890 Finis
185 2843 320 2897 Passionis
331 2842 487 2908 descriptus
500 2847 542 2895 est
555 2844 583 2894 in
596 2843 719 2909 margine
732 2842 854 2894 inferiori
868 2843 914 2895 iol.
928 2843 971 2894 000
983 2856 1045 2895 000
1058 2843 1250 2897 additamentis
1262 2843 1297 2897 de

80 2932 167 3005 quibus
180 2944 241 2996 Act.
255 2945 313 3006 SS„
328 2951 394 2996 tom.
409 2944 430 2995 li
441 2945 518 3010 Aug„
533 2957 558 3008 p.
573 2945 615 3008 00,
629 2955 694 2995 000.
708 2957 748 2995 m.

167 3037 230 3115 000
261 3041 368 3118 Vitae
399 3050 553 3117 sanctae
586 3063 630 3117 ae
662 3040 909 3118 beatissimae
940 3043 1087 3118 Aureae
1120 3031 1292 3141 virginis,

216 3189 313 3266 0000
332 3165 553 3242 celebratur
570 3186 692 3242 nonas
711 3164 884 3242 octobris
901 3164 977 3264 (fol.
1001 3165 1176 3264 000-700).

122 3289 309 3351 subnectitulo
322 3298 477 3363 descriptus
498 3304 539 3350 est
548 3299 647 3363 triplex
661 3311 752 3351 sermo
774 3299 802 3348 in
824 3311 916 3351 annua
940 3299 1124 3352 sollemnitate
1144 3301 1171 3351 S.
1193 3300 1298 3351 itureae

96 3398 171 3443 coram
182 3396 426 3449 sanctimonialibus
440 3397 610 3462 monasterii,
624 3398 668 3448 cui
681 3410 697 3448 a
709 3399 734 3449 S.
748 3397 833 3462 Eligio
846 3397 932 3462 prima
946 3398 1083 3449 abbatissa
1096 3397 1233 3463 praetecta
1246 3401 1297 3460 est,

96 3495 259 3558 pronuntiatus
272 3498 336 3549 etin
348 3496 480 3548 lectiones
493 3495 665 3548 distributus,
678 3499 778 3547 llorum
790 3510 947 3549 sermonum
959 3497 1143 3562 p1·imus‚aliis
1157 3497 1297 3562 prolixior,

96 3586 224 3646 continetur
235 3597 400 3649 lectionibus
413 3609 510 3648 norem
524 3597 661 3660 prioribus
673 3597 731 3661 (sol.
744 3597 854 3661 000-080)
866 3602 891 3648 et
904 3597 1046 3650 historiam
1059 3597 1085 3648 S.
1098 3598 1202 3648 Aureae
1216 3596 1299 3647 refert

95 3699 224 3754 excerptam
236 3704 291 3750 tum
306 3697 391 3758 (lectt.
404 3708 433 3762 0,
446 3708 473 3749 m
486 3702 513 3748 et
532 3699 605 3760 000
626 3697 699 3749 vitae
717 3699 743 3749 S.
758 3697 845 3763 litigii,
865 3699 891 3748 S.
911 3695 1041 3748 audoeno
1061 3697 1216 3759 attributae,
1229 3695 1276 3747 lib.
1291 3708 1299 3747 1

94 3801 149 3853 can.
161 3793 213 3847 liet
225 3797 269 3849 lib.
283 3809 300 3848 u
311 3810 371 3862 cap,
386 3797 419 3847 55
430 3799 467 3857 (P.
483 3799 523 3860 0.,
538 3803 603 3848 tom.
620 3797 757 3861 lxxxvii,
774 3811 819 3861 pp.
840 3796 888 3849 ree
907 3802 933 3848 et
944 3796 1014 3861 578),
1029 3802 1086 3847 tum
1098 3796 1180 3859 (lectt.
1194 3806 1221 3859 v,
1235 3806 1260 3845 vr
1273 3800 1300 3846 et

89 3892 141 3953 ent)
150 3904 162 3944 e
172 3895 219 3948 Vita
232 3898 315 3962 ipsius
328 3899 356 3949 S.
370 3900 473 3948 itureae
487 3908 558 3961 0000
579 3895 678 3962 iegitur
699 3897 770 3962 apud
793 3896 966 3948 vincentium
989 3897 1220 3959 bellovacensem,
1233 3897 1299 3961 Spe·

86 3994 365 4061 atlutrth'stort'ate,
382 3996 428 4048 lib.
452 4008 527 4062 xxm,
550 4009 609 4060 cap.
630 3998 718 4047 ott-u.
741 3998 899 4061 Sequuntur
918 3995 990 4059 (lect.
1013 3997 1051 4061 rx)
1077 3996 1127 4048 tria
1140 3995 1298 4047 miraculae

83 4101 168 4158 sancta
178 4098 276 4165 uirgine
290 4101 352 4162 post
369 4103 482 4149 mortem
503 4103 628 4162 patrata:
643 4110 712 4162 0000
730 4096 819 4147 adbuc
832 4096 944 4159 inedita,
962 4096 1026 4147 licet
1044 4109 1109 4148 sane
1123 4095 1196 4147 baud
1210 4095 1299 4161 magni

80 4199 176 4259 adrem
188 4195 344 4249 historicam
358 4197 499 4260 momenti,
513 4196 625 4262 uulgare
637 4208 693 4247 non
707 4195 818 4261 pigebit.
833 4193 891 4244 vid.
907 4194 1030 4259 append.

106 4300 152 4354 llic
171 4295 252 4347 etiam
273 4296 363 4348 obiter
385 4295 526 4346 advertere
548 4294 628 4345 liceat
648 4307 680 4346 ex
706 4294 748 4343 bis
773 4293 948 4345 sermonibus
972 4298 1163 4358 argumentum
1190 4293 1299 4358 aliquod

68 4396 193 4475 praeberi
205 4395 237 4446 iis
251 4396 296 4460 qui
317 4398 447 4459 putarunt
466 4393 567 4458 duplex
589 4393 671 4445 luisse
693 4392 889 4444 monasterium
910 4393 1000 4443 Sancti
1022 4392 1098 4458 Eligit
1121 4405 1168 4443 seu
1187 4394 1300 4443 Sanctae

61 4511 178 4565 Aureae,
191 4494 338 4546 muliemm
352 4493 456 4544 scilicet
468 4497 494 4545 et
503 4492 624 4544 virorum
634 4493 725 4557 (0000
737 4491 896 4556 opinionem
912 4491 1011 4542 acriter
1028 4491 1154 4542 refutavit
1165 4491 1300 4555 tosepbus

59 4597 252 4665 finesquierus
275 4598 377 4655 noster,
398 4593 461 4645 Aet.
482 4593 538 4658 00,
559 4597 624 4644 tom.
648 4593 669 4643 il
692 4595 760 4655 Oct,
783 4604 809 4655 p.
831 4593 890 4655 484,
908 4604 984 4643 000.
998 4592 1089 4655 4440).
1106 4589 1222 4655 Etenim,
1237 4603 1298 4641 cum
