3076 5498
197 337 290 386 eren.
309 339 392 387 nna.
412 339 528 387 rante.
547 359 594 370 -
609 340 761 390 nerano.
782 339 828 390 so
845 339 925 390 con.
943 339 979 389 n.
998 342 1034 389 A.
1053 338 1129 389 arro.
1225 321 1290 390 497

130 499 163 558 ιῑ.
175 511 213 562 Eo
226 509 317 576 itaque
331 514 453 575 tempore
465 510 520 563 duo
533 510 643 577 leprosi,
655 513 696 564 vir
708 525 770 564 cunr
781 525 866 564 uxore
876 525 936 576 sua,
947 512 1028 565 arnho
1038 512 1136 578 leprosi
1147 504 1169 577 ²,
1179 517 1291 578 aspectu

130 610 205 661 rimis
219 610 373 671 horribiles,
387 610 520 663 hahentes
532 623 625 662 secum
639 612 747 664 unicani
767 611 860 676 hiiarn,
884 612 975 665 audita
995 612 1067 665 iarna
1089 612 1160 666 hona
1175 612 1291 666 anciliae

133 707 168 761 ad
179 709 267 774 ipsam
279 713 424 773 venerunt,
437 713 467 761 ut
480 722 528 774 per
540 710 639 762 Christi
661 711 792 767 iarnuiam
810 712 955 765 sanitatem
969 713 1134 778 reciperent.
1155 710 1193 764 td
1213 711 1292 778 cujus

130 820 144 858 s
157 805 303 872 provoluti,
315 807 447 874 rogabant
459 810 537 861 eam³
549 815 578 861 ut
591 809 648 861 suis
660 809 831 862 orationihus
840 811 874 862 ah
886 808 1045 863 infirmitate
1058 823 1108 863 sua
1118 813 1291 865 sanarentur.

130 905 163 958 iia
176 919 238 959 uero
251 907 350 958 Christi
364 907 505 973 respondit
516 907 557 959 eis
570 922 576 959 :
591 907 712 974 illequi
721 907 826 960 discit:
841 926 856 955 ι
875 908 954 976 Volo,
968 908 1203 973 mandanensi
1214 909 1291 974 vuit,

130 1007 159 1059 rt
170 1005 342 1058 mundare*
354 1018 416 1060 vos.
428 1005 552 1072 Tamen,
565 1007 594 1058 si
603 1006 770 1074 creditis,c
782 1005 899 1061 Christi
908 1007 1034 1060 Domini
1041 1006 1293 1076 nostripoteniio

130 1106 220 1172 pictis
243 1106 421 1159 sanitatem.
443 1107 491 1159 Cui
510 1105 611 1172 leprosi
630 1106 834 1172 responderunt
847 1121 853 1158 :
867 1106 931 1160 Noa
949 1107 981 1159 in
999 1120 1069 1160 eum
1085 1108 1242 1162 oredimus
1259 1106 1292 1159 in

130 1207 288 1259 renomine
300 1208 333 1259 ιιι
346 1209 375 1259 ιι
397 1205 558 1270 dedicasti,
577 1206 698 1272 quiesi
716 1206 858 1259 omnium
870 1206 1039 1273 plenitudo
1057 1206 1223 1270 virtutum,
1241 1206 1295 1260 cni

130 1305 146 1358 Ti
158 1306 347 1372 impossihile
357 1309 414 1371 est,
427 1307 457 1359 et
469 1306 616 1372 quioquid
629 1305 701 1359 honi
711 1305 749 1359 oh
762 1305 818 1359 iiio
829 1305 972 1373 petieris,
985 1306 1073 1360 dedit
1087 1306 1144 1361 tihi
1150 1306 1293 1374 potentia

148 1406 341 1472 Tantumque
346 1406 548 1472 postulem-ns
567 1407 596 1457 te
613 1406 649 1457 ιιι
665 1404 807 1471 dipneris
820 1417 882 1472 pro
899 1403 986 1458 nocis
1003 1405 1171 1460 Dominum
1187 1405 1293 1472 depre·

130 1516 144 1554 r.
157 1505 221 1556 Post
232 1504 300 1556 haee
309 1503 387 1569 jubet
399 1503 557 1555 beatissima
570 1499 720 1570 seguiina³
733 1507 762 1556 ut
775 1503 845 1555 infra
859 1502 932 1556 iores
950 1504 1110 1556 monasterii
1122 1501 1193 1557 eos⁶
1205 1515 1295 1557 secre-

130 1615 167 1655 ne
178 1601 420 1655 introducerentur
432 1603 460 1654 in
473 1602 595 1654 domum.
609 1605 678 1655 hum
690 1608 783 1656 autem
795 1603 912 1670 ingressi
931 1602 1055 1668 inissent,
1069 1602 1188 1656 intendit
1207 1602 1236 1655 in
1254 1603 1295 1655 eis

129 1715 160 1753 ns
169 1701 216 1754 et⁷
228 1702 360 1769 plangens
370 1713 419 1767 pro
429 1713 525 1755 eorum
538 1701 704 1766 infirmitate,
711 1708 737 1753 et
748 1701 794 1754 die
806 1702 851 1753 iiia
860 1702 889 1753 in
902 1702 1072 1754 orationihus
1081 1702 1138 1755 sois
1147 1701 1294 1755 horninum

130 1806 206 1853 ecata
218 1798 269 1853 est.
282 1798 321 1851 td
331 1798 496 1865 resperam⁸
509 1813 572 1853 vero
585 1814 618 1853 ec
630 1800 675 1853 die
688 1800 826 1866 praecepit
838 1811 886 1852 eos
897 1799 926 1850 in
938 1799 1038 1852 haineo
1048 1800 1117 1852 mitti
1138 1805 1165 1852 et
1176 1800 1271 1853 excire
1282 1795 1296 1838 ⁹

130 1901 187 1954 idos
205 1913 311 1967 pannos
320 1901 402 1967 iussit
412 1901 446 1952 ad
460 1915 524 1954 snas
535 1900 658 1966 devotas,
672 1906 700 1954 et
712 1903 753 1953 sic
764 1902 804 1953 eis
815 1899 949 1954 ordinans
960 1909 991 1953 ut
1002 1902 1042 1953 sic
1055 1901 1144 1954 eos'in
1157 1900 1256 1954 balneo
1266 1901 1295 1952 in

130 2000 173 2054 a¹⁰
185 2001 358 2067 deponerent
370 2010 400 2054 nt
413 2001 506 2055 nutius
518 2003 589 2055 aiios
602 2003 653 2055 hoc
671 2003 763 2056 sciret.
777 2004 923 2068 Postquam
942 2001 1081 2054 ministras
1099 2014 1163 2055 suas
1179 2001 1296 2054 devotas

130 2115 186 2155 osos
207 2102 271 2154 ilios
291 2101 319 2153 in
340 2101 419 2154 calda
435 2101 459 2143 11
472 2102 617 2164 miserunt,
633 2101 773 2168 praecepit
793 2101 899 2154 devotis
920 2098 1014 2168 egredi
1024 2098 1047 2141 ¹¹
1060 2100 1136 2154 ioris.
1149 2102 1212 2154 Post
1228 2100 1297 2153 haec
1385 2130 1388 2139 ·

130 2207 257 2254 inserunt
268 2201 319 2254 soii
329 2200 428 2267 leprosi
438 2216 501 2255 curn
511 2203 609 2256 anoiiia
620 2202 719 2254 Christi
732 2207 759 2254 et
768 2202 874 2255 medica
884 2201 984 2254 Christi
996 2199 1027 2253 ¹².
1035 2203 1111 2254 Tunc
1121 2213 1186 2255 vero
1195 2200 1295 2254 anciila

130 2299 324 2367 ¹¹.oornpuncta
332 2299 356 2340 ¹¹
367 2301 459 2367 eorde,
472 2301 622 2368 prosternit
634 2315 664 2354 se
676 2301 776 2355 ibidem
791 2299 826 2354 ad
838 2301 991 2365 orationem
1001 2307 1028 2353 et
1041 2312 1104 2353 curn
1115 2299 1208 2353 multis
1217 2299 1296 2352 ineri-

131 2406 158 2451 et
169 2401 293 2464 suspiriis
305 2414 355 2466 pro
367 2414 463 2454 eorurn
476 2402 592 2454 sanitate
602 2398 626 2444 ¹⁵
638 2400 784 2453 hominurn
797 2399 944 2466 deprecata
956 2402 1007 2452 est.
1022 2401 1085 2452 Post
1097 2400 1164 2451 haec
1176 2398 1296 2451 surrexit

131 2501 234 2554 ratione
246 2501 393 2567 intrepida,
403 2508 431 2554 et
440 2502 544 2554 hahens
556 2501 684 2554 iiduoiam
693 2501 722 2553 in
735 2514 800 2553 eum
811 2499 858 2567 qui
871 2497 952 2551 dixit:
963 2499 1072 2552 Omnia
1085 2510 1295 2566 quaecumque

130 2602 190 2652 ntes
198 2600 354 2665 petieritis
363 2598 397 2666 ¹⁶,
411 2601 528 2654 credite
537 2601 613 2667 qnia
627 2599 798 2667 accipietis,
812 2602 843 2651 et
854 2598 977 2652 venient
990 2597 1083 2662 cobis,
1097 2603 1125 2651 et
1147 2597 1297 2664 praecinxit

130 2702 193 2751 nteo
204 2698 303 2750 Christi
316 2697 419 2751 iarnuia
430 2703 458 2751 et
469 2698 498 2751 in
510 2699 610 2751 virtute
622 2703 650 2752 et
662 2697 716 2751 iide
731 2696 830 2750 Christi
843 2697 932 2762 coepit
954 2708 1070 2762 corpora
1090 2695 1200 2762 leprosa
1211 2695 1300 2748 mani·

131 2795 187 2848 suis
195 2795 226 2849 in
235 2798 312 2851 calda
321 2793 346 2836 ¹⁰
355 2797 448 2863 irigari
459 2795 491 2859 17,
502 2795 608 2849 orando
618 2803 645 2848 et
655 2793 809 2864 plangendo
817 2792 850 2862 ¹⁸,
861 2794 1007 2860 coepitque
1017 2794 1147 2847 invocare
1156 2793 1301 2847 hominurn

130 2907 161 2946 rto
179 2896 316 2949 Christum
326 2895 360 2961 ¹⁹,
376 2895 494 2949 dicens:
514 2896 652 2957 Domine,
676 2893 856 2947 indidisti:
877 2911 892 2940 «
920 2892 1000 2958 Volo,
1021 2891 1178 2946 mundare
1190 2910 1206 2940 ι
1225 2893 1256 2945 ιι
1267 2893 1302 2944 ιιι

130 2994 256 3060 ecepisti
275 3007 380 3049 omnes
397 2996 524 3049 nantes
541 2996 577 3046 ιιι
594 2993 725 3046 credant
744 2993 780 3044 in
796 2994 834 3059 te,
852 2993 883 3044 ιι
900 2990 1048 3058 quiequid
1060 3003 1123 3058 per
1142 2988 1300 3044 Christum

130 3090 183 3144 ann
196 3093 284 3146 ιιιιι
302 3094 399 3146 Deum
416 3094 544 3146 Patrem
556 3091 717 3158 petierint,
737 3089 894 3156 accipient
904 3087 929 3130 2)
940 3092 972 3142 et
984 3086 1142 3142 oenient²¹
1157 3085 1305 3156 fidelihus

130 3202 145 3240 ι.
158 3190 361 3258 deponente
373 3193 498 3245 sincere
512 3193 623 3255 mente,
636 3190 758 3243 anciila
774 3190 842 3252 tna,
856 3185 928 3241 ni²²
940 3191 996 3241 tica
1009 3187 1165 3254 potentia,
1186 3184 1307 3240 Christe

130 3301 161 3354 ts,
174 3303 253 3343 sona
266 3290 320 3344 hos
332 3303 437 3344 servos
450 3293 516 3343 tuos
528 3292 557 3342 et
565 3302 626 3355 pro
638 3289 735 3342 lande
746 3290 801 3341 iun
811 3288 854 3340 da
866 3287 912 3340 eis
925 3288 1062 3339 salntem
1076 3298 1172 3353 quent
1190 3283 1306 3337 deride·

130 3388 434 3443 tisernitui.1itdurn
449 3391 515 3442 haec
536 3389 635 3441 aneilla
649 3388 747 3441 Christi
758 3386 783 3428 2¹
804 3386 921 3453 dixisset
941 3399 1004 3438 curn
1018 3385 1139 3438 iaorirnis
1159 3390 1187 3437 et
1205 3384 1307 3451 gemitu

130 3486 175 3553 iis,
196 3490 312 3556 pertavit
329 3505 344 3542 a
364 3489 443 3542 calda
464 3489 588 3542 infirmos
611 3489 682 3552 ilios,
699 3495 726 3541 et
744 3488 835 3540 subito
857 3488 930 3539 inter
950 3499 1047 3539 manus
1067 3485 1185 3538 ancillae
1208 3485 1307 3537 Christi

130 3587 163 3639 nis
174 3567 289 3656 putredo
304 3591 394 3654 ieprae
407 3588 538 3641 mundata
550 3593 599 3641 est.
616 3590 686 3640 iiaee
702 3587 767 3640 iecit
779 3587 879 3638 Christi
901 3585 1025 3651 potentia
1047 3588 1159 3651 propter
1176 3584 1306 3637 aneiiiam
1346 3632 1351 3640 .

131 3681 217 3748 rnen
231 3689 323 3741 nulius
335 3689 451 3754 languor
463 3671 625 3739 insanabilis
637 3691 687 3738 ost.
701 3689 768 3738 Nam
790 3684 891 3751 ieprosi
910 3685 949 3735 iiii
968 3684 1051 3737 talem
1071 3684 1216 3737 sanitatem
1231 3695 1306 3737 rece
1347 3661 1351 3666 ⁸

130 3787 215 3839 untin
228 3800 341 3854 corpore
355 3800 404 3841 suo
419 3793 558 3853 tamquam
577 3787 600 3838 si
622 3786 729 3838 nullutn
748 3784 848 3837 vulnus
869 3782 1024 3849 putredinis
1044 3783 1223 3847 habuissent3
1243 3795 1307 3835 narn

130 3898 156 3936 nr
169 3886 231 3953 plus
244 3887 366 3952 speciosa
379 3892 406 3939 et
418 3885 506 3937 nitida
518 3897 635 3950 corpora
648 3896 744 3937 eorum
757 3885 826 3936 iacta
840 3888 904 3935 suni
923 3896 956 3935 ex
974 3882 1019 3934 ilia
1038 3883 1107 3935 hora
1121 3882 1204 3948 quale
1215 3880 1307 3935 adhuc

140 3985 238 4051 aliquis
252 3985 277 4036 in
292 3984 438 4052 progenies
451 3996 548 4036 eorum
561 3983 688 4035 habehat.
697 3985 820 4048 Cumque
835 3981 902 4033 haec
914 3979 988 4048 quod
999 3981 1100 4033 iactum
1111 3978 1200 4032 iuerat
1209 3980 1308 4032 ancilia

130 4133 200 4202 rm.
225 4147 277 4200 ra.
299 4147 412 4198 -1vn
434 4146 509 4200 acc.
533 4149 556 4197 r.
570 4144 675 4210 -²(a.
697 4146 728 4210 ι.)
748 4159 807 4198 om.
822 4145 848 4209 a,
871 4145 901 4196 ιι
921 4143 996 4197 acc.
1017 4144 1056 4196 n.
1075 4140 1311 4208 -arpsame-

130 4243 198 4284 .rare
209 4231 236 4283 i.
253 4257 287 4267 -
298 4230 312 4270 ⁵
323 4241 381 4281 ont.
404 4230 429 4282 ι.
442 4257 476 4267 -
486 4225 500 4267 ⁶
512 4240 572 4280 om.
584 4230 610 4280 t.
624 4229 679 4269 -1
693 4240 752 4279 ont.
765 4227 791 4278 2.
807 4223 860 4268 -8
873 4238 991 4291 vespera
1013 4224 1040 4277 Ξ.
1054 4251 1081 4262 -
1098 4220 1114 4263 ¹¹
1126 4237 1227 4278 exuere
1239 4226 1263 4276 ι.
1278 4250 1311 4261 -

130 4314 199 4367 aiida
211 4315 235 4364 ι.
251 4339 280 4349 -
296 4310 316 4350 11
329 4312 460 4379 egredere
480 4307 588 4362 3.-12
607 4310 752 4363 hominii.
774 4336 807 4346 —
822 4309 845 4348 ¹³
868 4306 969 4360 Christi
981 4309 1007 4360 2.
1030 4334 1061 4346 -
1074 4304 1099 4348 14
1111 4319 1126 4359 a
1153 4306 1269 4358 homino
1281 4305 1310 4356 in

130 4399 143 4451 i.
158 4398 183 4450 2.
200 4424 231 4433 -
245 4392 269 4434 ¹⁵
281 4395 425 4447 sanitatem
437 4395 461 4447 i.
475 4421 509 4431 -
522 4391 546 4432 ¹⁶
556 4394 590 4457 (o.
605 4394 643 4458 p.)
656 4407 681 4457 p.
696 4405 721 4445 o.
735 4393 761 4445 i.
777 4420 805 4429 —
822 4390 847 4432 11
858 4391 957 4443 fricare
978 4390 1003 4442 Ξ.
1028 4418 1060 4428 -
1074 4389 1097 4431 ¹8
1108 4396 1137 4442 et
1152 4387 1226 4442 add.
1239 4389 1265 4442 2.
1278 4413 1311 4425 -

130 4489 148 4532 ι.
162 4482 188 4533 i.
204 4479 243 4541 C)
264 4478 294 4529 C.
318 4478 348 4529 o.
364 4477 397 4539 (J.
413 4477 483 4540 orn.)
501 4478 526 4530 i.
550 4504 579 4513 -
592 4473 617 4516 11
637 4476 773 4540 accipiant
793 4476 818 4526 i,
839 4499 873 4511 -
884 4471 908 4514 ²¹
931 4473 1058 4526 eveniant
1079 4472 1106 4524 ι.
1118 4470 1189 4514 ..22
1201 4475 1229 4523 et
1240 4472 1266 4523 ι.
1279 4496 1310 4508 ·-

133 4603 141 4616 .
154 4564 198 4623 C.)
212 4559 315 4613 ramula
327 4559 373 4611 hei
387 4561 411 4611 2.

133 4673 242 4718 enirn„
254 4669 342 4711 intua.
356 4669 382 4710 Τ.
397 4669 434 4710 111.
1213 4654 1245 4705 32
