3082 5498
264 321 309 386 82
611 332 737 383 curun.
757 331 859 382 cono.
875 330 1052 380 aceruos.
1072 330 1153 380 nur.

265 504 465 573 reparandumt
478 502 675 568 cooperabatur
692 501 722 554 iu
743 500 854 567 populo.
869 498 938 564 Quid
960 499 1078 566 amplius
1091 497 1211 552 addamt
1231 500 1292 552 tion
1311 499 1392 552 licuit
1407 497 1481 552 allud
1494 515 1531 561 g-

263 604 406 658 brachium
419 603 527 656 bomini
539 601 612 668 quod
625 600 712 654 votuit
723 613 772 668 per
783 612 831 653 ora
844 600 1019 652 clamantium
1035 597 1204 665 adimplevit.
1218 599 1345 666 Suscepit
1362 598 1397 652 ad
1410 611 1531 665 regen-

264 703 313 757 das
324 714 390 756 oves
405 700 514 755 homini
527 700 692 766 pastoralem
712 699 825 767 virgam,
839 704 867 751 et
879 711 934 751 non
952 700 1100 764 tyrannum
1120 710 1151 750 se
1163 698 1261 751 ovibus
1273 696 1323 751 sed
1346 710 1380 751 ex
1390 698 1531 758 veritatffi

262 807 398 871 pastorem
410 800 541 855 exhihuit.
553 799 664 854 ornavit
675 799 833 852 cathedram
848 797 962 852 iloribus
972 797 1156 864 evangelicist
1167 796 1362 861 doctrinalem,
1376 807 1407 851 et
1417 797 1531 864 archis

262 906 350 956 tectus
362 902 507 969 pictorque
526 898 560 952 ad
583 903 776 953 ornamentum
797 898 930 950 ecclesiae
951 898 1041 950 bouus
1054 897 1114 950 ituit.
1135 897 1194 950 tion
1210 897 1287 950 enim
1299 896 1457 963 patiebatur
1471 909 1531 965 v-

260 1005 333 1055 terra
345 1013 395 1053 sua
410 1004 507 1053 eontra
519 1010 549 1051 se
561 997 692 1050 clamaret
703 1002 732 1049 et
740 1009 803 1050 cum
816 996 874 1062 ipsa
888 995 956 1048 sulci
969 996 1028 1063 ejus
1041 994 1185 1061 dederent,
1193 995 1244 1049 scd
1254 995 1373 1064 impiger
1382 996 1531 1067 instabag

261 1099 385 1155 culturae
396 1098 453 1164 bei,
465 1101 496 1151 ut
510 1109 593 1164 opere
614 1095 742 1149 redderet
761 1093 835 1162 quod
858 1096 970 1148 nomine
992 1094 1136 1148 fatebatur.
1151 1094 1284 1149 taedium
1306 1095 1368 1161 tibi,
1380 1095 1492 1150 audito.-
1514 1142 1531 1163 ,

261 1198 348 1265 pariet
361 1197 503 1265 prolixitas
517 1208 568 1248 uec
591 1193 781 1248 deebriabcris
792 1193 827 1245 ad
840 1193 966 1259 salutem,
979 1194 1002 1246 si
1014 1192 1131 1261 singula,
1143 1205 1215 1261 quae
1227 1193 1315 1247 multa
1327 1198 1402 1260 sunt,
1416 1205 1531 1269 por-

259 1309 324 1364 gere
341 1296 509 1350 insistamus.
523 1296 691 1360 Quapropter
711 1291 791 1345 stilus
810 1293 969 1347 sublevetur
986 1305 1002 1345 a
1021 1291 1130 1358 multis3
1144 1291 1179 1345 ad
1192 1305 1264 1359 rara,
1277 1292 1345 1360 quia
1356 1301 1425 1346 sunt
1440 1306 1531 1369 »ἦ

262 1395 340 1462 ttosa,
352 1395 507 1450 veniamus.

291 1495 399 1548 'mum
410 1505 485 1561 ergo,
494 1492 609 1560 jubente
621 1492 676 1545 lteo
689 1495 716 1543 et
727 1488 883 1554 ordinante,
893 1490 1041 1556 episcopali
1053 1489 1200 1544 cathedrae
1211 1489 1408 1557 praesedisset,
1416 1490 1531 1571 ¹8ng

258 1606 287 1648 se
300 1593 423 1648 moribus
435 1593 537 1647 sanctis
549 1598 576 1646 et
588 1593 659 1647 vitae
671 1592 759 1659 pretio
772 1590 953 1657 praeparavit,
966 1595 997 1643 ut
1009 1591 1087 1656 quasi
1099 1591 1194 1644 civitas
1213 1591 1243 1643 in
1260 1595 1355 1644 monte
1366 1590 1472 1656 positu
1512 1627 1531 1670 g,

258 1694 361 1760 pharus
377 1705 463 1759 prope
475 1690 603 1760 flagrans,
617 1689 711 1758 procul
724 1688 861 1742 irradians
881 1689 1008 1756 viamque
1029 1690 1186 1744 errantibus
1206 1695 1379 1766 monstrans,
1392 1701 1524 1765 cuqup,

257 1792 312 1846 sibi
325 1790 542 1845 adhaerentibus
553 1795 582 1843 et
593 1789 756 1843 illuminatio
770 1792 842 1841 esset
854 1793 881 1840 et
896 1793 1000 1854 portus.
1014 1789 1155 1856 Pugnabat
1166 1790 1196 1842 in
1208 1788 1312 1855 Spiritu
1324 1794 1417 1842 sancto
1433 1806 1512 1858 cop,

260 1898 302 1946 tra
315 1892 451 1959 nequitias
464 1891 609 1958 spiritales,
622 1896 717 1944 contra
730 1888 862 1942 subdolos
880 1888 933 1941 iata
947 1889 1039 1957 lingua
1053 1889 1137 1956 Empe
1156 1889 1370 1956 proclamantes,
1382 1900 1531 1971 mortam„

261 1989 458 2044 blandimentis
469 1988 612 2042 venenatis
631 1988 791 2041 inferentes.
803 1987 944 2041 Civitatem
965 2000 1053 2055 suam,
1067 1995 1094 2041 et
1113 1989 1143 2041 in
1164 1988 1273 2042 civitate
1293 1988 1422 2054 templum
1436 1995 1486 2066 ber,

261 2088 385 2143 excubiis
397 2088 535 2142 continuis
548 2099 605 2141 non
617 2087 737 2154 segniter
756 2087 928 2140 observabat.
943 2086 1065 2140 ilabebat
1083 2084 1192 2139 fidelem
1205 2099 1316 2153 semper
1327 2091 1390 2140 ante
1399 2091 1482 2147 ocutos

260 2187 424 2243 advocatum
433 2189 527 2241 lesum
536 2187 674 2239 Christum
684 2187 798 2253 justum,
809 2187 889 2253 eique
902 2199 932 2240 se
944 2199 1063 2253 suosque
1072 2186 1273 2254 supplicatione
1282 2188 1474 2241 continuamus

260 2290 415 2344 mendahat.
429 2288 592 2342 ltolocausta
607 2287 755 2341 medullata
766 2285 898 2341 offerebat
911 2301 959 2353 pro
972 2289 1078 2354 ovibus,
1093 2302 1128 2341 ne
1141 2288 1211 2342 torte
1224 2289 1305 2341 labiis
1326 2288 1472 2343 honorarent
1523 2328 1531 2373 4

259 2391 345 2442 heum
356 2394 384 2442 et
395 2386 478 2442 corde
489 2387 570 2455 louge
588 2388 676 2452 posito
688 2386 816 2439 manibus
837 2388 986 2452 irritarent,
997 2385 1135 2454 iidemque
1156 2387 1325 2441 verbotenus
1337 2386 1509 2455 pmdteatm!

258 2487 412 2542 actionibus
432 2487 609 2555 abnegarent.
628 2486 847 2552 circumspectus
868 2499 987 2552 semper,
1000 2487 1109 2540 leonem
1131 2487 1307 2541 insidiantem
1325 2484 1467 2541 orationibus

258 2588 397 2657 allidebat,
419 2587 542 2642 dammas
562 2589 770 2655 temptationum
795 2587 961 2654 elemosynis
982 2588 1170 2655 extinguebat,
1192 2588 1324 2642 virtutum
1346 2587 1466 2654 apothecas

259 2688 420 2741 humilitatis
431 2701 494 2741 arce
506 2688 639 2741 servabat.
654 2688 785 2740 Terrebat
797 2687 888 2740 hostes
900 2686 1160 2753 praedicationibus,
1174 2687 1240 2740 vitia
1248 2687 1355 2742 occulta
1371 2684 1465 2753 pmiota·

258 2788 305 2842 hat
316 2788 346 2840 in
358 2787 447 2841 lucem
461 2791 488 2840 et
506 2787 559 2840 tela
578 2786 719 2839 mortifera
740 2786 843 2838 inimici
864 2785 1004 2840 doctrinae
1025 2787 1144 2853 potentis
1155 2786 1283 2840 acumine
1295 2783 1464 2853 perfringebat,

259 2899 423 2954 semperque
435 2899 464 2939 se
476 2886 536 2952 ipso
549 2885 696 2950 mbustior,
710 2898 759 2952 per
775 2887 867 2939 lesum
889 2899 981 2954 regem
994 2891 1021 2939 et
1041 2885 1210 2940 sacerdotem
1226 2899 1354 2954 magnum
1366 2872 1503 2949 undique!

258 2985 453 3052 triumphabat.
466 2985 584 3039 liimium
595 2985 698 3038 vitabat
710 2991 737 3038 et
759 2985 940 3050 perhorrebat
950 2985 1125 3051 aliquatenus
1146 2986 1319 3038 committere
1330 2985 1401 3039 unde
1410 2978 1466 3036 teti·

257 3085 351 3141 monio
363 3086 548 3139 conscientiae
568 3089 721 3152 accusatus,
735 3086 834 3139 frustm
856 3086 903 3138 ltci
924 3086 1019 3139 oculos
1041 3087 1093 3139 sub
1112 3087 1210 3139 umbra
1223 3091 1251 3139 et
1263 3086 1336 3140 ioliis
1347 3087 1467 3154 cogeretur
1517 3098 1520 3103 ·

257 3183 384 3255 effugere.
397 3187 509 3252 Semper
521 3183 644 3252 pavidus,
657 3198 766 3251 semper
777 3185 919 3251 sollicitus,
932 3184 998 3238 dum
1011 3199 1104 3240 curam
1117 3184 1237 3239 debitam
1250 3187 1382 3252 susceptis
1392 3181 1468 3238 ovibus
1521 3210 1524 3215 ·

256 3285 442 3352 impendebat,
456 3285 526 3338 victo
539 3285 615 3338 hoste
637 3291 664 3337 et
682 3285 752 3337 liber
764 3285 844 3350 vitiis,
859 3285 972 3338 servitio
982 3285 1103 3352 justitiae
1122 3298 1153 3338 se
1170 3285 1294 3338 hilariter
1307 3280 1468 3350 mancipabit·

255 3384 430 3452 Loquebatur
442 3384 551 3449 saepius
562 3388 589 3436 et
600 3383 696 3437 litteris
708 3387 736 3436 et
747 3384 837 3437 verbis
849 3397 911 3436 cum
924 3397 1061 3450 praecone
1073 3397 1123 3437 suo
1135 3384 1233 3451 augeio
1244 3388 1350 3449 sancto,
1363 3377 1469 3438 conche
1481 3362 1531 3441 'l

256 3496 312 3552 que
323 3483 409 3550 ipsius
428 3487 503 3550 gesta
524 3482 641 3549 pretiosa
654 3483 769 3536 homino
790 3481 878 3535 ildelis
899 3483 1001 3536 athleta
1022 3483 1156 3537 mittebat.
1170 3483 1283 3536 talenta
1301 3483 1407 3550 saepius
1421 3478 1470 3533 dat
1493 3479 1499 3489 ‘

257 3584 429 3648 numerabat,
442 3595 478 3636 ne
489 3582 569 3646 torte,
584 3582 644 3649 plus
655 3583 803 3648 accipiens,
817 3583 908 3636 minus
921 3584 949 3636 in
968 3584 1043 3638 lucro
1062 3583 1199 3652 redderet,
1213 3589 1241 3637 et
1258 3597 1321 3638 sero
1335 3583 1471 3651 paemtem

257 3683 393 3737 obnoxius
405 3682 537 3747 tenebris,
549 3695 652 3748 pauper
671 3686 697 3734 et
715 3681 806 3735 nudus
822 3682 938 3735 vinculis
956 3684 1119 3738 traderetur.
1133 3684 1202 3748 Qirid
1219 3683 1319 3750 plural
1331 3685 1359 3736 Si
1376 3684 1471 3736 cundtt

257 3783 361 3835 tructus
372 3792 404 3834 ao
423 3781 513 3834 varios
533 3779 568 3833 de
590 3781 709 3834 caritatis
727 3781 819 3834 radice
839 3781 868 3833 in
890 3782 980 3835 cordis
997 3783 1057 3849 ejus
1075 3782 1220 3836 latitudine
1238 3781 1404 3848 pullulantes
1415 3781 1473 3835 rdttt

256 3881 312 3936 oris
323 3881 448 3948 angustia
460 3880 617 3947 singillatim
630 3879 748 3941 edicere,
767 3879 937 3933 tantumdem
950 3886 992 3935 est
1011 3895 1095 3948 quam
1110 3883 1132 3934 si
1145 3882 1257 3948 pluviae
1270 3886 1360 3950 guttas
1371 3888 1400 3935 et
1409 3848 1531 3948 lepti-fl

256 3982 298 4035 los
310 3980 393 4034 maris
412 3979 493 4034 velim
507 3992 622 4034 numero
637 3993 773 4034 coercere.
786 3981 984 4047 Relinquamus
1005 3983 1072 4035 haec
1092 3983 1201 4036 interim
1223 3982 1291 4036 victi
1312 3989 1342 4035 et
1363 3983 1393 4035 in
1406 3979 1476 4036 exitio

256 4078 396 4133 erroribus
407 4077 572 4132 laborantes.
587 4081 658 4132 heus
669 4080 784 4133 deorum
797 4080 925 4135 dominus
941 4082 1015 4134 solus
1026 4081 1113 4147 dedit,
1122 4081 1197 4135 solus
1210 4082 1298 4146 novit,
1312 4082 1391 4137 solus
1403 4093 1479 4136 annu·

256 4183 353 4244 merat,
366 4178 441 4233 solus
452 4178 486 4231 ad
500 4180 661 4245 praemium,
675 4180 749 4233 solus
761 4180 794 4234 ad
808 4180 948 4248 gaudium,
967 4182 1001 4234 ad
1014 4182 1127 4250 gloriam
1141 4183 1213 4236 servi
1226 4182 1268 4235 sui
1281 4181 1311 4233 ln
1324 4189 1482 4249 perpetuum

255 4277 419 4345 decuplabit.
434 4280 504 4330 llaec
513 4278 649 4332 mirabilia
661 4283 688 4332 et
699 4280 818 4347 gloriosa
830 4281 990 4348 angelorum
1003 4281 1156 4347 spectacula
1166 4294 1257 4334 secum
1271 4293 1383 4347 semper
1393 4280 1485 4337 beatus

254 4376 384 4445 Agericus
395 4377 534 4443 exercult;
547 4377 599 4443 his,
612 4381 642 4429 ut
654 4378 705 4431 soli
718 4380 772 4433 heo
785 4378 914 4445 placeret,
924 4379 973 4432 diu
986 4384 1123 4447 noctuque
1135 4367 1277 4433 laboravit.
1289 4378 1365 4432 iecit
1377 4386 1407 4433 et
1416 4380 1486 4448 apud
1499 4380 1531 4445 Ι

285 4573 380 4625 Num.
394 4573 425 4625 6.
440 4600 471 4610 -
485 4575 493 4611 ¹
506 4571 549 4636 (ad
563 4587 600 4627 m.
613 4587 641 4626 u.
656 4573 673 4624 i.
687 4574 788 4637 silom.
801 4575 827 4628 i.
841 4602 871 4614 —
884 4576 1041 4644 aevangelii
1054 4579 1079 4630 t.
