3076 5498
379 827 874 966 sdlrllllllllll

278 1113 338 1190 ln
367 1110 667 1192 SUPERIOREM
696 1108 993 1189 unlllodllll.

508 1440 513 1456 1
554 1480 715 1532 llolttrull.

120 1647 307 1702 aelatiunoula
320 1648 410 1716 primo
431 1650 513 1716 hujus
535 1649 648 1717 catalogi
669 1654 743 1702 tomo
762 1646 884 1715 praefixa
902 1645 1061 1701 monuimus
1072 1647 1244 1715 propositum

120 1747 141 1798 ,b
155 1746 233 1800 initio
252 1747 337 1800 luisse
352 1751 384 1799 ut
399 1748 535 1801 Brevioria
548 1755 576 1801 et
596 1747 648 1800 alia
669 1746 837 1800 collectanea
855 1745 1075 1813 hagiographica,
1092 1758 1164 1813 quae
1185 1747 1243 1800 fere

120 1858 127 1895 s
144 1849 251 1896 tantum
263 1844 306 1898 vel
327 1845 491 1912 compendia
503 1847 622 1898 vitarum
640 1850 687 1898 aut
704 1845 864 1899 passionum
875 1843 1060 1908 continerent,
1073 1842 1242 1897 reiceremus

123 1944 294 2009 plementum
313 1945 410 1998 ultimo
433 1950 507 1999 tomo
528 1944 743 1998 annectendum.
767 1947 826 1998 lam
850 1945 952 2011 itaque,
977 1943 1094 1997 aliorum
1115 1941 1242 1998 codicum

120 2045 178 2095 lone
199 2042 233 2095 ad
255 2048 353 2096 metam
375 2043 516 2111 perducta,
536 2043 570 2096 ad
591 2044 642 2096 hoc
662 2043 888 2110 supplementum
906 2041 1072 2095 accedimus.
1086 2041 1163 2106 ouod
1175 2046 1203 2095 et
1215 2041 1243 2093 in

120 2149 183 2195 ntes
195 2142 361 2195 distribuere
372 2156 448 2196 nunc
469 2144 656 2209 intendimus;
676 2154 792 2210 quarum
816 2142 951 2209 posterior
967 2141 1158 2208 complectitur
1169 2153 1241 2208 quae

120 2255 127 2293 t
141 2243 252 2296 nomine
265 2243 395 2295 dicuntur
408 2243 552 2309 Breviaria,
565 2255 635 2308 quae
645 2242 748 2295 scilicet
757 2249 935 2307 conspectum
947 2241 1079 2294 exhibent
1090 2238 1243 2294 ciliciorum

120 2354 183 2406 pore
195 2347 221 2393 et
232 2340 268 2394 de
279 2342 381 2395 sanctis
395 2342 547 2395 seeundum
560 2342 686 2396 ordinem
700 2341 916 2395 ecclesiasticum
933 2338 1051 2408 singulis
1065 2341 1132 2394 anni
1144 2340 1242 2395 diebus

120 2445 213 2491 torum
233 2440 310 2504 (llaec
330 2440 415 2502 enim,
437 2453 472 2493 ne
491 2440 576 2493 moles
597 2440 684 2493 nostri
706 2437 799 2505 operis
809 2438 892 2491 nimis
911 2443 1091 2504 excresceret,
1113 2445 1141 2492 et
1160 2439 1242 2492 etiam

120 2552 127 2589 s
139 2539 340 2605 perspicuitatis
352 2544 379 2592 et
389 2539 537 2606 legentium
546 2538 683 2592 commodi
692 2539 787 2606 gratia,
799 2538 884 2606 magis
893 2537 1049 2591 summatim
1062 2537 1244 2592 describenda

120 2639 170 2703 ts);
185 2639 261 2704 prior
272 2652 347 2703 vero,
360 2653 408 2692 eos
420 2638 530 2701 codices
547 2640 594 2706 qui
612 2639 725 2692 nonnisi
743 2639 875 2693 lectiones
892 2639 927 2692 de
939 2638 1042 2691 sanctis
1056 2637 1131 2692 etde
1144 2638 1244 2692 festivi·
1327 2619 1329 2624 ’

127 2738 280 2800 continent,
295 2751 352 2791 non
365 2743 456 2791 autern
468 2739 638 2805 psalterium,
657 2739 822 2805 antiphonas
839 2742 867 2792 et
883 2741 987 2792 ceteras
1006 2735 1088 2792 officii
1106 2738 1246 2792 ecclesias

120 2841 173 2900 tos,
187 2837 230 2889 uel
242 2836 384 2890 etiam-eos
396 2837 442 2902 qni
457 2837 607 2905 singularia
620 2843 727 2890 tantum
739 2835 828 2890 officia
839 2836 875 2889 de
888 2835 1053 2904 quibusdam
1066 2837 1246 2903 sanctisimo

120 2935 264 2988 :omnious
280 2936 327 3002 qui
340 2935 472 2988 celebrari
492 2937 581 2988 solent
593 2936 708 3004 singulis
727 2934 827 2989 diebus
847 2949 897 3002 per
917 2935 1065 2989 decursum
1086 2936 1163 2989 anni.
1177 2937 1245 2990 lluic

120 3035 177 3087 iarti
190 3036 356 3088 inseruimus
368 3049 477 3102 qnoque
488 3035 700 3102 descriptionem
709 3035 837 3089 codicum
847 3035 1043 3089 nonnullorum
1057 3035 1104 3102 qui
1117 3035 1145 3088 in
1162 3048 1242 3101 supe-

120 3135 251 3187 censione
263 3132 431 3202 diligentiam
454 3140 575 3187 nostram
597 3135 726 3202 fugerunt
746 3135 789 3187 vel
808 3133 1011 3198 desiderarunt,
1029 3147 1062 3187 ac
1080 3134 1240 3201 singillatim

120 3232 236 3285 imorum
257 3232 431 3298 quorundam
453 3235 668 3300 fragmentorum
691 3234 946 3302 nagigrapnicorum
976 3247 1047 3300 quac
1068 3232 1242 3287 documentis

120 3333 210 3385 oneris
223 3333 377 3386 intermixta
400 3333 586 3398 reperiuntur.
611 3333 725 3386 codices
738 3346 813 3394 vero,
834 3333 882 3399 qui
900 3332 1041 3400 evangelia
1056 3338 1161 3385 tantum
1184 3343 1245 3397 apo·

120 3479 121 3484 ,
133 3432 207 3484 nulla
220 3445 285 3485 vero
296 3433 404 3498 propria
416 3431 450 3484 de
462 3433 563 3484 sanctis
577 3436 754 3484 monumenta
766 3432 897 3498 referunt,
908 3444 938 3484 re
949 3430 1047 3484 melius
1059 3429 1240 3493 considerata,

120 3544 155 3582 cre
168 3531 259 3597 potius
272 3531 361 3583 visum
372 3536 422 3583 est.
