3082 5498
252 278 318 345 504
602 293 727 344 curru.
747 293 849 344 cono.
869 294 1043 344 nioroos.
1064 296 1140 344 mr.

253 467 370 520 voluerit
382 465 470 532 sequi,
484 465 655 532 feliciterque
666 465 779 518 venient
790 466 824 518 ad
838 479 952 534 reguum
965 467 1119 534 caelestem,
1134 472 1296 534 praestante
1305 477 1334 524 ct
1344 471 1481 525 auxiliante
1537 445 1539 473 ³

254 566 369 620 Domino
383 571 478 618 nostro
487 567 551 617 lesu
564 565 681 630 cbristo,
695 566 739 618 cui
762 572 803 617 cst
815 566 904 619 bonor
916 572 943 619 et
954 566 1050 634 gloria,
1064 567 1150 620 virtus
1163 574 1192 621 ct
1205 575 1329 634 potestas
1341 573 1480 625 coronanti
1537 548 1539 557 Ι

254 663 350 716 ilrlcles
362 676 437 728 suos,
451 663 497 730 qui
518 664 583 716 vivit
603 668 630 716 et
648 670 743 730 regnat
763 676 825 715 cum
840 666 917 717 Patre
936 669 963 717 et
974 665 1076 730 spiritu
1097 671 1192 720 sancto
1206 667 1234 719 in
1248 668 1363 721 saecula
1375 671 1480 723 aceolo
1537 737 1539 742 Α

254 776 327 815 rum.
341 765 438 815 tmen.

255 965 374 1029 Passio
391 965 424 1030 S.
446 963 606 1028 Vrororus
622 980 796 1030 urrerrms
813 963 1014 1029 Caratacus
1032 961 1113 1047 (Cir.
1133 985 1244 1051 supra,
1267 989 1300 1053 p.
1316 970 1395 1044 485,
1408 959 1502 1044 75Ἶ.5
1537 920 1539 933 Ι

257 1180 384 1241 Passio
399 1180 517 1242 sancti
531 1194 576 1241 ac
600 1181 802 1241 beatissimi
826 1181 1004 1255 martyris
1017 1181 1186 1257 victoris,
1202 1184 1268 1256 qui
1285 1198 1421 1257 passos
1433 1188 1479 1245 cst

532 1281 600 1337 sub
614 1278 671 1338 tile
685 1283 771 1340 v11⁰
785 1283 963 1341 kalendas
977 1283 1207 1354 septembris.

287 1458 335 1520 [1.]
353 1459 433 1509 Grata
446 1461 511 1508 sont
523 1469 633 1521 semper
645 1469 677 1509 ac
688 1461 742 1510 lieo
755 1459 899 1523 placabilia
917 1460 1088 1512 credentium
1108 1461 1172 1523 rita,
1186 1474 1250 1513 cum
1264 1462 1409 1516 beatorum
1422 1475 1476 1515 mar·

256 1564 344 1621 tyrum
357 1556 477 1608 illustres
489 1556 643 1621 triumphos
654 1569 685 1607 ac
697 1555 792 1607 titulos
804 1553 877 1607 flocti
889 1557 1048 1612 narratione
1058 1559 1208 1612 multorum
1224 1561 1334 1615 iaciunt
1354 1563 1477 1615 consort-

255 1656 299 1707 tiis
311 1668 369 1708 non
380 1655 474 1708 celari.
490 1655 594 1707 illenim
608 1654 804 1706 nonnullorum
819 1652 931 1705 sortium
942 1661 1017 1722 gesta
1034 1663 1080 1708 aut
1098 1659 1213 1724 antiqua
1231 1665 1359 1714 vetustas
1368 1662 1474 1715 abolcrit
1486 1664 1505 1714 rt

255 1755 395 1807 autetiam
408 1754 631 1820 persequentium
654 1752 724 1805 livor
744 1765 864 1805 vesanus
884 1752 1036 1806 abscondit.
1059 1756 1112 1809 scd
1133 1758 1268 1823 quoniam
1291 1759 1472 1827 divinarirtur,

255 1854 299 1907 cul
311 1854 378 1905 nibil
392 1860 482 1920 potest
494 1866 625 1919 umquam
644 1852 768 1904 subtrahi
789 1850 833 1904 rel
854 1851 947 1917 celari,
969 1852 1110 1918 praeclara
1123 1867 1238 1908 suorum
1261 1856 1398 1911 nobilium
1415 1864 1471 1927 rma

253 1967 309 2007 non
334 1958 486 2006 atramento
509 1953 550 2004 rel
571 1951 678 2004 calamo
699 1949 747 2003 sed
773 1951 927 2017 purissimis
947 1951 1013 2005 iacit
1033 1955 1211 2007 conscientiis
1229 1956 1317 2010 scribi
1337 1958 1471 2024 paritcret

254 2054 377 2115 recondi,
390 2066 462 2118 quae
475 2053 519 2118 pia
533 2052 710 2118 probatorum
721 2051 881 2104 narratione
890 2053 1093 2119 cognoscimus,
1105 2054 1269 2108 christianis
1278 2058 1405 2111 sensibus
1414 2059 1469 2111 beni

255 2152 316 2206 volo
329 2164 456 2204 sermone
471 2163 626 2203 narramus.
1479 2156 1497 2207 p

290 2253 331 2303 11.
340 2231 342 2238 ’
351 2251 407 2303 Erit
417 2251 472 2316 jam
487 2262 585 2316 magna
598 2248 770 2301 audientium
781 2261 897 2312 merces,
911 2263 1028 2316 quorum
1043 2253 1071 2304 in
1085 2253 1127 2305 liis
1139 2253 1231 2306 verbis
1244 2255 1316 2307 nibil
1327 2255 1468 2308 dubitaverit

259 2350 337 2410 irdes,
350 2349 526 2417 qooollictor
538 2349 675 2417 gloriosus
697 2353 800 2414 martyr
820 2354 903 2414 atquc
923 2349 1116 2414 praedicabilis
1136 2352 1164 2404 in
1187 2353 1238 2405 lroc
1256 2359 1468 2420 natusestutpro

260 2449 347 2501 sancti
360 2448 480 2501 nominis
494 2447 546 2501 lide
571 2448 604 2499 ad
626 2448 692 2499 lraec
716 2448 913 2513 optatissimam
934 2461 1066 2501 coronam
1084 2463 1166 2515 quam
1181 2451 1305 2505 maxime
1318 2454 1467 2518 perveniret

262 2548 346 2613 priori
359 2547 431 2613 plebi
441 2562 472 2600 ac
484 2547 595 2614 populo,
608 2560 678 2613 quae
691 2547 810 2613 passioni
823 2548 881 2612 ejus
895 2547 1027 2614 interluit,
1041 2562 1166 2615 magnam
1181 2549 1316 2604 laetitiam
1327 2552 1466 2616 contulltct

260 2648 350 2710 nobis
361 2649 407 2713 qui
423 2632 488 2699 baec
501 2646 690 2699 memorabilia
704 2659 891 2710 recensemus,
916 2647 1064 2699 maximum
1084 2647 1216 2714 gaudium
1234 2646 1496 2716 gratulationiserii

261 2747 331 2800 miae
343 2746 467 2799 ridemus
479 2759 539 2798 esse
553 2746 697 2810 prolatum.
712 2746 777 2810 Quis
788 2745 863 2798 enim
876 2747 987 2812 quantis
999 2746 1085 2798 animi
1100 2748 1261 2813 inexplebili
1275 2756 1339 2803 roto
1352 2751 1467 2803 ucbento·

261 2851 301 2898 tcr
313 2845 418 2898 exultet
430 2849 483 2896 tam
498 2844 690 2909 triumphalem
704 2843 835 2896 laetitiam
847 2857 911 2912 erga
930 2846 1031 2899 clectos
1052 2847 1109 2908 liei,
1129 2846 1155 2898 id
1170 2852 1214 2900 est
1226 2855 1373 2914 martyres,
1385 2858 1466 2915 procer
1528 2861 1529 2866 ¹

261 2946 338 3012 sisse,
350 2951 381 2998 ut
392 2945 524 2997 calcando
538 2948 662 3009 mortem,
676 2943 816 2995 saeculum
834 2944 1014 3010 devincendo,
1029 2947 1166 3012 passionis
1181 2961 1249 3001 suae
1261 2949 1380 3015 palmam
1392 2947 1468 3014 puriter

261 3054 288 3099 et
297 3059 426 3100 coronam
441 3045 557 3097 iecerint
568 3057 656 3110 usque
667 3045 701 3096 art
715 3052 837 3109 posteros
849 3050 1018 3114 propagare?

294 3147 351 3198 111.
370 3147 434 3197 Erat
447 3156 565 3209 namque
580 3143 606 3195 in
621 3144 790 3196 Caesariensi
807 3144 914 3197 civitate
926 3145 997 3198 irlcm
1013 3146 1187 3200 beatissimus
1197 3138 1494 3202 victorcerramiutscti

260 3245 429 3298 constantiae
450 3257 481 3295 ac
502 3243 722 3308 perseverantiae
741 3242 903 3295 vocabulum
927 3257 1048 3298 servans.
1068 3246 1115 3298 llic
1143 3251 1251 3298 tantum
1273 3248 1392 3300 diuinam
1407 3243 1466 3298 iim

260 3356 342 3410 quam
356 3340 475 3392 marimo
487 3340 633 3392 custodivit
646 3347 674 3392 ut
688 3352 743 3392 non
760 3345 815 3392 tam
834 3341 869 3392 ab
889 3341 985 3394 eadem
1009 3343 1303 3416 minimc'disceticret
1315 3359 1395 3412 quam
1408 3343 1466 3396 ctian

260 3443 402 3494 inlibatam
417 3446 497 3505 alque
512 3439 685 3504 praecipuam
698 3452 791 3491 secum
805 3439 838 3491 ad
852 3440 958 3492 caelum
969 3455 1056 3507 usquc
1070 3444 1212 3507 perterret.
1225 3445 1334 3497 Etenim
1352 3458 1411 3497 cum
1425 3453 1467 3507 pro·

262 3547 320 3608 pter
333 3540 413 3591 tidem
435 3553 466 3590 ac
487 3539 620 3603 justitiam
641 3539 838 3603 omnipotentis
861 3540 905 3592 liei
919 3540 1046 3594 benivolo
1060 3555 1144 3593 ausus
1164 3541 1265 3596 luisset
1277 3544 1395 3597 adscitus
1406 3546 1465 3605 aaut

261 3642 346 3706 ipsius
357 3639 466 3690 divinae
479 3638 588 3703 pietatis
602 3650 716 3689 munerc
729 3650 828 3704 magno
840 3652 923 3703 opere
941 3641 1136 3706 concurrisset,
1155 3641 1275 3707 implere
1287 3644 1399 3709 cupiens
1411 3629 1492 3706 quodi]

262 3744 331 3792 lteus
344 3745 439 3791 auctor
454 3745 481 3788 et
494 3737 619 3789 conditor
633 3737 728 3789 muntii
742 3738 850 3789 caelesti
865 3751 930 3791 voce
944 3740 1080 3805 praelatus
1093 3746 1144 3805 est,
1157 3742 1354 3795 consessurum
1365 3719 1467 3794 secaret

262 3844 338 3892 Patre
351 3851 400 3891 suo
412 3837 585 3900 coufitentes,
599 3842 731 3903 negantes
743 3838 825 3890 etiam
838 3847 1000 3906 negatorum
1016 3864 1022 3892 :

294 3939 367 3990 1111.
387 3937 511 4000 Eamus,
535 3935 632 4000 iuquit,
654 3937 684 3987 ct
702 3934 926 4002 abrumpamus
946 3937 1027 3992 hanc
1051 3939 1149 3992 lucem
1174 3941 1346 4006 terrenam,
1363 3939 1466 4006 plenam

260 4037 378 4091 scilicet
390 4038 419 4088 et
431 4036 672 4101 circumseptam
683 4034 790 4088 nubilo
803 4036 1019 4102 tertebrarrrm;
1039 4038 1240 4105 arripiamus
1260 4038 1343 4093 hanc
1361 4044 1465 4091 mmm·

262 4140 387 4189 taceam
399 4136 538 4196 mortem,
549 4146 607 4200 per·
618 4146 713 4199 purim
725 4134 824 4199 mapts
834 4135 876 4186 cd
888 4135 985 4188 uitam
993 4139 1181 4203 perpetuam
1187 4139 1384 4203 pervenitur.
1393 4133 1464 4188 iloto·
1476 4122 1494 4175 5

261 4235 428 4301 meipsius
440 4233 589 4299 beneficio
599 4244 784 4298 recusemus,
796 4236 831 4284 at
840 4236 1004 4287 coelestem
1013 4235 1340 4302 praemiamperenni
1349 4229 1468 4290 claritate

261 4335 435 4400 capiamur.
453 4332 510 4390 Ottt'
521 4331 604 4383 caim
619 4331 798 4396 mopisicrii
815 4332 917 4384 divini
937 4332 1160 4400 confessionem
1175 4348 1212 4387 ac
1225 4335 1323 4401 fidem
1335 4325 1468 4400 ampiecti-

262 4447 344 4493 mrrr,
354 4446 414 4500 per
432 4433 498 4496 ejus
511 4432 595 4483 viam
608 4434 637 4482 et
657 4430 773 4482 lanera
797 4445 856 4498 quo
875 4434 1019 4487 condecet
1035 4435 1238 4501 praeliamur.
1263 4437 1362 4488 licum
1381 4428 1469 4486 stetim

260 4534 362 4592 sotum
374 4532 506 4584 adorari
519 4529 725 4594 verrerarr'qcre
736 4529 886 4597 debemus,
902 4533 1004 4599 r'psum
1016 4535 1117 4587 colere
1128 4534 1183 4600 pai
1202 4533 1293 4587 nobis
1305 4538 1337 4588 et
1352 4534 1437 4586 citam
1446 4527 1469 4577 ic
