3082 5498
267 339 602 391 sinnadensis.
622 361 664 372 —
680 341 834 391 sennan.
855 340 901 390 an
918 341 994 390 oon.
1016 336 1105 389 12611.
1238 321 1303 388 159
1402 306 1405 311 ’

82 508 223 560 vodonem.
236 507 302 572 Quid
323 520 421 561 causae
443 507 525 561 luerit
547 508 611 574 quia
623 506 658 560 ad
679 521 722 560 me
736 508 836 573 scripta
848 512 936 559 vestra
948 506 983 559 de
1003 506 1172 559 mirabilibus
1186 506 1257 559 beati
1278 510 1305 559 et

72 604 191 669 glodosi
203 606 319 660 diobolai
332 606 523 659 transmisistis
534 606 612 672 quasi
625 607 712 673 gratia
723 605 877 674 corrigendi
888 619 930 670 ea,
938 606 1095 672 postpositis
1103 605 1307 659 venerabilibus

75 703 167 754 totins
178 704 301 757 scientiae
314 704 460 768 columnis,
471 716 587 770 quarum
598 703 754 755 firmissima
763 701 921 765 solidlit]ate
931 702 1047 754 subnixa
1056 702 1189 769 gloriatur
1198 701 1307 769 dignius

74 801 154 852 urbs
162 803 297 869 andegava
318 815 401 869 quam
414 804 450 867 (l)
461 802 629 869 gloriabatur
640 802 813 854 Atheniensis
829 801 874 854 illa
897 802 1008 867 antiqua
1021 801 1173 855 Aristotelis
1190 802 1307 867 pruden-

23 898 48 948 ὅ
84 898 179 953 tiaaut
189 900 330 954 Academia
346 901 464 954 Socratis
477 901 573 965 peritia
587 914 636 953 seu
648 901 776 968 Aegyptia
789 901 920 965 llemphis
934 900 1052 953 Platonis
1064 902 1172 964 astutia,
1188 900 1309 953 versanti

84 998 245 1067 mitiusque
262 1001 343 1055 modo
363 1003 442 1065 [non]
463 1001 558 1066 patuit,
571 1000 733 1066 praesertim
755 1013 817 1051 curn
831 1012 886 1052 non
908 1000 990 1052 lateat
1002 1000 1174 1052 sanctitatem
1192 1005 1309 1051 vestram

88 1105 182 1159 quanta
192 1100 326 1153 bellorum
339 1105 429 1167 strage
441 1104 577 1152 nostrates
589 1098 725 1165 agitentur
743 1099 815 1151 inter
827 1112 865 1165 se,
879 1098 949 1151 adeo
967 1104 997 1152 ut
1014 1104 1053 1152 tot
1074 1099 1210 1164 tantisque
1231 1098 1309 1151 malis

91 1189 217 1251 immixtus
239 1198 396 1251 nullatenus
416 1198 510 1251 divino
532 1204 560 1249 et
580 1198 713 1263 spirituali
735 1198 790 1251 otio
804 1197 838 1250 ad
855 1202 947 1251 votum
961 1210 1072 1263 possum
1088 1197 1242 1250 intendere.
1255 1195 1308 1250 sed

94 1295 150 1359 qnia
162 1299 290 1363 scripturn
302 1302 345 1350 est
359 1313 365 1349 :
383 1296 507 1351 wirrae
527 1298 632 1350 omnia
645 1296 752 1363 vineit,
767 1309 822 1349 non
836 1295 910 1361 potui
923 1297 1000 1350 vobis
1021 1310 1121 1363 negare
1133 1298 1205 1363 quod
1219 1297 1309 1362 inlun-

45 1378 79 1432 il)
92 1394 166 1463 xistis,
179 1396 244 1450 illud
258 1397 334 1450 vobis
347 1395 487 1449 humiliter
499 1396 627 1458 innuens,
642 1395 716 1461 quod
728 1396 873 1460 quaedam,
887 1395 949 1447 licet
961 1395 1124 1461 regulariter
1148 1396 1308 1462 composita,

91 1494 169 1560 uagis
180 1506 244 1548 vero
257 1493 331 1546 nuda
351 1499 377 1545 et
390 1495 480 1545 minus
502 1493 631 1559 colorata,
646 1492 722 1545 nullo
743 1492 824 1545 modo
846 1504 940 1557 passus
961 1506 1022 1544 sum
1041 1494 1150 1557 penitus
1166 1492 1201 1545 de
1219 1493 1310 1546 medio

86 1593 195 1659 auferri,
208 1598 235 1646 et
255 1594 332 1660 quasi
355 1606 454 1646 novum
477 1605 546 1658 opus
568 1592 754 1658 superaddere
774 1593 868 1655 veteri,
882 1593 949 1658 quin
971 1591 1070 1657 potius,
1084 1593 1147 1659 quia
1159 1593 1236 1646 vobis
1255 1605 1311 1645 non

79 1687 217 1758 ingratum
237 1693 295 1746 lore
315 1692 463 1745 arbitratus
484 1704 554 1754 sum,
576 1690 709 1757 quasdam
729 1691 922 1758 digressiones,
936 1704 1006 1757 quae
1025 1692 1115 1743 minus
1134 1692 1311 1745 conferebant

76 1792 174 1855 operi,
186 1792 219 1844 ita
241 1791 392 1856 temperavi
404 1796 434 1843 ut
449 1794 475 1842 et
496 1790 650 1842 summatim
673 1803 720 1842 eas
739 1796 879 1856 tangerem
892 1794 919 1842 et
935 1803 967 1842 ex
981 1794 1036 1843 toto
1049 1791 1102 1842 illis
1114 1804 1170 1845 non
1184 1804 1309 1856 superse·

29 1881 57 1937 lt
71 1888 192 1942 der-ern.
215 1892 286 1943 Bene
303 1895 331 1942 et
351 1889 444 1942 sobrie
468 1889 579 1955 vigilare
597 1894 624 1942 et
648 1889 785 1942 custodire
806 1889 911 1957 vigilias
932 1889 1020 1942 noctis
1040 1903 1122 1955 super
1138 1903 1247 1958 gregem
1267 1903 1311 1943 ve·

67 1992 187 2052 strum,
197 1995 226 2040 ut
236 1990 264 2041 in
274 2002 339 2042 vero
349 1988 433 2040 natali
442 1988 508 2040 boni
518 1989 635 2052 pastoris
647 1987 807 2055 angelorum
819 1988 895 2040 chori
908 2001 1005 2054 magna
1018 2002 1080 2040 curn
1092 1988 1153 2041 luce
1165 1989 1313 2042 decantent

59 2090 101 2136 et
123 2087 243 2139 relcrant
253 2087 368 2155 gloriam
386 2088 441 2139 beo
453 2087 482 2138 in
494 2086 610 2139 excelsis
623 2091 650 2139 et
662 2085 764 2140 domno
775 2087 862 2140 Natali
880 2099 973 2152 pacem
990 2088 1102 2139 interra
1114 2088 1210 2140 merito
1223 2088 1312 2141 bonae

56 2183 241 2239 voluntatis.

111 2282 160 2335 2.
175 2286 296 2339 llodierni
314 2285 369 2338 diei
395 2285 524 2339 festivitas
547 2298 562 2338 a
588 2287 689 2339 nostris
713 2286 861 2352 majoribus
886 2286 1024 2350 instituta,
1046 2287 1143 2339 iratres
1165 2286 1309 2352 carissimi,
1356 2324 1358 2328 .

10 2391 33 2441 ⁰
56 2384 265 2438 translationis
286 2398 387 2438 nomen
408 2385 521 2451 aceepit,
539 2386 575 2437 ob
590 2385 793 2438 venerationem
814 2384 939 2437 videlicet
960 2385 1140 2450 reliquiarum
1161 2385 1231 2438 sacri
1252 2397 1310 2438 cor-

59 2482 169 2542 poris
185 2484 288 2552 gloriosi
312 2484 420 2549 patroni
442 2484 528 2536 nostri
551 2484 622 2536 beati
643 2483 774 2545 llicholai,
799 2497 868 2550 quas
895 2484 959 2537 olim
986 2485 1081 2537 allatas
1105 2485 1311 2550 andegavorum

66 2582 183 2634 cornea
196 2584 360 2637 reverendus
382 2581 517 2636 Golfridus
538 2583 567 2634 in
590 2583 641 2635 boo
664 2583 723 2635 loco
742 2584 872 2649 reposuit.
896 2584 980 2648 llujus
1001 2584 1083 2650 igitur
1103 2584 1233 2637 ecclesiae
1251 2584 1310 2636 iun·

75 2666 240 2735 danaorum
268 2685 304 2735 ita
332 2694 461 2735 exorsum
485 2686 533 2734 est.
556 2681 763 2748 andegavorum
789 2681 871 2734 l‘ulco
898 2694 991 2734 comes
1016 2682 1229 2748 famosissimus,
1252 2687 1331 2761 post·

86 2773 205 2833 rebelles
215 2782 333 2836 bostium
346 2793 458 2834 suorum
472 2780 628 2833 multotiens
645 2780 719 2833 bello
736 2781 882 2833 exstinctas
900 2782 1050 2848 barbaries,
1064 2788 1124 2847 post
1135 2783 1174 2835 rei
1188 2782 1312 2834 militaris

29 2873 79 2942 φ
99 2873 225 2932 Stratonis
236 2886 319 2948 gesta,
334 2880 363 2930 in
376 2879 477 2944 quibus
489 2883 583 2931 contra
598 2878 682 2931 ileum
693 2880 811 2946 graviter
828 2877 990 2943 offenderat,
1005 2879 1116 2932 tandem
1135 2880 1163 2931 in
1179 2894 1208 2932 se
1222 2893 1310 2933 rever-

112 2973 153 3021 sus
161 2979 366 3044 poenitentiaque
378 2977 486 3037 ductus,
500 2978 649 3029 ierusalem
672 2979 755 3042 petiit.
771 2981 827 3042 Quo
848 2979 912 3030 duin
936 2979 1070 3044 tenderet,
1084 2977 1137 3030 iter
1149 2993 1230 3031 suum
1242 2979 1311 3031 eele-

117 3064 159 3121 rius
168 3078 337 3141 explicaturus
360 3089 434 3128 mare
447 3074 608 3142 ingreditur.
623 3077 721 3128 Diebus
743 3077 824 3143 igitur
844 3077 948 3142 aliquot
962 3078 1098 3142 prosperis
1120 3077 1235 3129 feliciter
1246 3090 1312 3129 usus

122 3161 284 3237 talananci
295 3178 351 3242 jam
367 3175 431 3227 illuc
443 3176 644 3240 propinquabat
654 3176 768 3242 navigio,
778 3189 839 3227 curn
851 3184 964 3240 repente
978 3177 1081 3228 caelum
1095 3177 1183 3241 coepit
1197 3178 1311 3229 nubium

119 3267 204 3336 calgine
215 3282 281 3328 tetra
294 3274 412 3339 obvolvi,
426 3273 473 3326 lux
485 3274 669 3333 obtenebrari,
683 3280 775 3326 tantus
794 3281 936 3326 ventorum
957 3289 1064 3327 necnon
1083 3275 1210 3327 imbrium
1224 3276 1314 3342 fragor

26 3427 28 3430 y
81 3359 107 3412 il
118 3367 188 3435 audiri,
199 3380 225 3424 ut
236 3387 333 3426 omnes
345 3374 392 3439 qui
406 3373 434 3423 in
448 3372 493 3424 illa
506 3384 574 3423 nave
596 3372 710 3424 aderant
723 3373 817 3424 mortis
829 3375 926 3424 timore
944 3374 1029 3425 territi
1049 3387 1135 3437 paene
1153 3373 1312 3426 deficerent.

111 3466 296 3539 dalisandique
316 3477 445 3537 quassata
467 3470 594 3522 ductibus
617 3484 701 3536 prope
718 3471 771 3522 ima
795 3473 902 3535 petebat
924 3472 1020 3538 pelagi.
1035 3474 1071 3524 lle
1084 3472 1130 3524 tali
1151 3478 1205 3524 tam
1224 3474 1313 3526 subita

112 3570 200 3634 tamque
210 3571 318 3623 insolita
333 3569 468 3635 praetatus
480 3581 573 3621 comes
585 3570 762 3621 veliementer
773 3570 895 3632 afflictus,
909 3571 973 3635 quid
987 3571 1040 3622 dici
1053 3571 1095 3622 vel
1109 3570 1168 3622 lieri
1181 3577 1273 3636 posset
1285 3573 1313 3624 in

106 3672 169 3720 tanto
180 3671 269 3722 mortis
290 3670 405 3722 horrore
423 3669 532 3734 penitus
553 3669 701 3735 ignorabat.
717 3671 772 3722 lloc
793 3674 884 3721 tamen
907 3670 959 3721 illis
981 3670 1151 3723 solummodo
1172 3679 1315 3737 supererat

101 3766 152 3829 spei
163 3781 221 3820 suae
233 3767 403 3834 coniugium,
416 3767 525 3819 divinae
546 3768 653 3833 pietatis
675 3768 821 3833 implorare
845 3768 1008 3821 subsidium.
1021 3772 1144 3835 Cumque
1161 3770 1315 3822 diutissime

45 3872 78 3926 εί
98 3867 292 3933 bacingruente
310 3871 469 3931 tempestate
489 3871 677 3932 quaterentur,
691 3867 814 3932 votisque
836 3868 953 3932 peractis
974 3869 1079 3921 bomini
1098 3869 1313 3921 misericordiam

93 3973 273 4032 precarentur,
294 3966 397 4018 dietum
420 3971 462 4018 est
481 3979 497 4017 a
517 3965 681 4030 quibusdam
701 3967 748 4030 qui
769 3966 851 4018 simul
864 3968 891 4017 in
911 3967 973 4018 navi
993 3967 1118 4028 aderant,
1133 3968 1160 4018 in
1182 3968 1236 4018 illis
1255 3980 1315 4019 esse

91 4067 245 4131 regionibus
265 4063 405 4131 quandam
426 4065 571 4127 civitatem,
585 4066 716 4130 llyrreanr
738 4065 860 4128 nomine,
874 4066 901 4117 in
922 4070 1047 4129 quaerat
1067 4067 1181 4118 ecclesia
1195 4067 1267 4118 beati
1288 4071 1315 4118 et

90 4167 143 4218 beo
156 4163 229 4230 digni
251 4164 314 4216 almi
337 4161 473 4228 pontilicis
493 4161 624 4224 Nicholai,
638 4162 665 4213 in
686 4175 739 4227 qua
752 4164 833 4213 etiarn
848 4164 906 4228 ipse
924 4165 1065 4216 abomino
1085 4166 1198 4216 antistes
1211 4165 1314 4217 electus

85 4265 183 4324 luerat,
198 4264 275 4328 cujus
295 4262 473 4314 sanctissimis
495 4261 621 4326 precibus
643 4265 670 4313 et
690 4261 795 4313 meritis
815 4263 897 4314 etiarn
911 4271 971 4328 post
992 4267 1130 4329 peractum
1149 4265 1218 4316 vitae
1231 4265 1312 4329 buius

113 4480 152 4540 (l)
169 4478 242 4538 Quae
253 4480 408 4541 sequuntur
419 4489 506 4540 usque
517 4474 551 4526 ad
571 4475 678 4527 initium
692 4489 767 4529 num.
780 4479 804 4540 5,
819 4490 875 4529 non
891 4478 1017 4544 leguntur
1036 4479 1063 4529 in
1081 4479 1141 4532 cod.
1156 4480 1245 4544 lioll,
1260 4479 1309 4532 sed

79 4562 109 4612 in
122 4558 184 4610 solo
199 4559 288 4611 latit.
