3076 5498
154 310 223 376 556
502 323 626 374 osric.
647 324 749 373 copo.
769 320 943 371 atdtoon.
962 320 1043 372 aas.

254 493 318 571 830
344 434 964 592 oesnureattot.astruam.
1381 524 1394 603 1χ

254 616 319 692 840
344 617 398 694 De
418 618 456 693 S.
478 616 657 694 Amantio
676 639 737 716 ep.
760 615 997 693 Rulhenensi
1016 614 1094 716 (fol.
1115 613 1222 705 25923
1239 609 1306 697 datl-
1344 600 1350 629 ⁵

630 835 897 846 ———-·

498 1071 708 1182 Appendix
728 1070 777 1158 ad
798 1069 880 1160 cod.
907 1069 1031 1159 5406.

214 1307 426 1370 Tnurtsmrto
443 1321 602 1369 cocrouts
619 1304 653 1369 S.
673 1304 844 1369 Pnosrsm
860 1301 942 1386 (Cir.
961 1321 1071 1387 supra,
1092 1321 1124 1385 p.
1143 1258 1220 1374 553.
1237 1298 1293 1381 373.

155 1496 325 1569 sequitur
339 1498 383 1556 de
396 1495 638 1556 tremlatlone
652 1495 813 1568 corporis
826 1494 927 1556 beati
942 1494 1114 1567 Prosperl
1135 1497 1181 1555 de
1201 1482 1333 1566 prinotl

254 1605 449 1664 secundum
462 1605 650 1677 tumulum,
666 1602 704 1662 in
718 1618 788 1676 quo
802 1616 896 1663 nuno
908 1602 1064 1663 fideliter
1077 1603 1278 1663 veneretur.
1389 1592 1394 1604 “

186 1785 212 1835 1.
232 1784 337 1847 Corpus
351 1794 458 1834 sacrum
478 1782 549 1834 beati
569 1782 692 1849 Prosperi
711 1781 812 1834 exstitit
830 1785 1019 1835 conservatum
1041 1782 1070 1832 in
1091 1781 1214 1846 praelata
1231 1780 1346 1834 basiet

151 1881 268 1946 tumulo,
282 1880 309 1932 in
322 1892 377 1946 quo
390 1880 478 1946 primo
496 1880 545 1933 luit
559 1879 732 1934 reconditum
753 1886 876 1946 tempore
897 1880 988 1932 llilarii
1011 1892 1107 1946 papae,
1123 1880 1258 1949 usquead
1274 1876 1376 1946 capsa

153 1978 288 2033 lobannis
311 1992 396 2045 papae
419 1981 461 2039 vl,
485 1980 531 2045 qui
556 1981 645 2045 coepit
668 1976 742 2032 anno
765 1980 871 2032 bomini
896 1980 1003 2041 bcc⁰l·‚
1027 1979 1156 2045 seditque
1183 1980 1263 2034 annis
1286 1980 1353 2046 tu'btt

154 2085 285 2146 regnante
306 2084 371 2131 tunc
392 2079 555 2145 timprando
581 2079 806 2133 christianissimo
826 2079 914 2146 gentis
934 2077 1180 2146 longobardorum
1200 2093 1271 2148 rege.
1289 2083 1357 2133 luerat

154 2184 245 2230 autem
266 2178 496 2244 civitasbemilia,
517 2192 587 2244 quae
610 2191 683 2232 nunc
704 2179 818 2246 Regium
837 2178 998 2244 appellator.
1021 2177 1183 2232 barbaricae
1203 2180 1288 2248 gentis
1305 2150 1358 2232 ndu
1392 2202 1394 2209 ·

155 2276 289 2329 bellorum
301 2283 400 2330 eventu
413 2277 520 2342 saepius
533 2278 657 2330 lacessita
670 2284 696 2330 et
707 2278 806 2330 acriter
818 2277 965 2330 stimulata.
975 2278 1163 2341 Quamobrem
1173 2280 1288 2333 ministri
1297 2279 1360 2333 eccle

155 2377 211 2428 siae
223 2389 271 2428 seu
285 2376 412 2428 basilicae
425 2382 599 2444 memoratae,
613 2384 693 2442 prout
709 2377 791 2442 digne
812 2378 982 2443 competebat
998 2377 1027 2429 in
1045 2377 1130 2430 corde
1149 2377 1221 2432 laeto
1239 2374 1390 2447 neqnilantll

155 2476 285 2529 continuo
299 2482 420 2541 tempore
432 2476 600 2529 sollemniter
612 2477 756 2542 excubare,
771 2477 903 2543 locusque
914 2477 986 2529 illea
1000 2476 1215 2530 christianorum
1234 2475 1362 2545 dequeotia

156 2577 244 2629 rarius
255 2576 355 2644 dignis,
368 2584 398 2629 ut
410 2578 522 2643 dignum
535 2578 632 2642 luerat,
646 2578 826 2631 venerabatur
838 2576 988 2644 obsequiis.

187 2676 218 2729 2.
232 2677 295 2728 Erat
311 2683 404 2729 autem
421 2677 450 2728 in
466 2676 513 2729 illo
533 2682 653 2742 tempore
672 2677 701 2729 in
723 2678 829 2730 civitate
848 2677 974 2747 Regiensi
997 2677 1116 2743 praefata
1140 2680 1364 2745 praesumtiones

155 2772 276 2836 nomine,
289 2772 330 2823 vir
341 2777 452 2824 sanctus
464 2779 491 2825 et
500 2773 599 2838 justus,
614 2773 721 2838 pietalis
733 2773 862 2838 operibus
881 2773 1012 2826 intentus.
1026 2773 1074 2826 llic
1095 2787 1161 2827 cum
1181 2777 1297 2843 quadam
1312 2774 1363 2831 titt

154 2877 213 2937 post
234 2884 329 2936 preces
349 2870 376 2922 in
398 2871 514 2923 ecclesia
535 2869 659 2938 ejusdem
681 2872 757 2925 urbis
781 2885 856 2925 more
876 2872 955 2925 solito
974 2871 1008 2924 ad
1028 2876 1115 2925 ileum
1138 2874 1224 2933 tusas.
1242 2888 1272 2927 se
1292 2866 1394 2938 sopodss

151 2970 281 3034 dedisset,
298 2972 393 3023 beatus
408 2971 532 3037 Prosper.
546 2971 614 3024 stola
627 2972 743 3024 candida
765 2971 877 3024 indutus
899 2972 1068 3038 pulchraque
1086 2973 1190 3027 canitie
1207 2970 1365 3033 venerandus

150 3069 239 3123 eidem
261 3071 418 3136 pervisum
440 3071 576 3136 apparuit.
598 3084 717 3137 eumque
741 3070 899 3124 terribiliter
922 3070 1066 3124 admonuit
1089 3073 1223 3139 quatinus
1246 3078 1364 3141 angustio

150 3170 290 3223 basilicam
311 3170 396 3222 sacris
416 3170 605 3235 praelibatam,
619 3171 648 3222 in
669 3183 721 3237 qua
743 3184 843 3236 corpus
862 3172 921 3237 ejus
940 3170 1005 3223 olim
1028 3173 1175 3225 bumatum
1197 3173 1293 3237 dierat,
1308 3166 1365 3224 omli

150 3270 292 3322 occasione
304 3270 454 3335 postposita
468 3270 496 3321 in
507 3270 678 3335 proceritatis
690 3270 907 3336 magnitudinem
920 3271 1051 3323 exaltaret
1063 3271 1239 3340 pulchroque
1249 3273 1366 3325 mbeordt

149 3369 307 3432 decoraret;
321 3369 390 3420 intra
402 3370 481 3435 cujus
495 3368 625 3435 tribunal,
641 3370 669 3421 in
688 3369 747 3422 loco
768 3368 896 3422 videlicet
913 3370 1021 3422 noviter
1036 3374 1211 3434 constructo,
1223 3382 1309 3425 sacras
1321 3360 1394 3421 tor!

150 3468 223 3533 poris
236 3468 321 3532 ipsius
335 3467 464 3533 reliquias
476 3481 509 3521 cx
523 3468 606 3533 priori
618 3467 728 3534 quidem
742 3468 847 3522 tumulo
861 3469 998 3534 accipiens
1018 3469 1174 3523 recondere
1187 3483 1244 3524 non
1254 3468 1365 3523 dillentt

151 3567 290 3618 Praelatus
303 3565 395 3633 itaque
416 3569 572 3632 episcopus,
586 3567 632 3618 tall
650 3566 837 3621 admonitione
857 3566 1018 3620 sollicitatus
1039 3567 1126 3629 illius,
1138 3569 1276 3635 surrexit,
1287 3574 1367 3622 conte

150 3667 271 3733 catisqoe
284 3668 416 3720 ecclcsiae
428 3680 493 3719 suae
506 3668 694 3720 sacerdotibus
706 3680 767 3720 oum
781 3667 855 3720 clero
873 3673 900 3719 et
919 3667 1030 3733 populo,
1044 3679 1144 3720 omnes
1167 3670 1250 3723 simul
1262 3667 1294 3722 ad
1305 3676 1366 3733 prae

150 3766 232 3818 fatam
246 3766 387 3819 basilicam
401 3773 590 3832 perrexerunt,
605 3767 716 3832 provida
728 3765 949 3819 consideratione
962 3766 1083 3818 vicissim
1101 3772 1261 3835 tractantes,
1270 3760 1368 3834 qualiter

147 3866 222 3931 Juxta
245 3867 392 3925 honestatis
413 3868 575 3929 decentiam,
590 3867 661 3918 sicut
680 3880 695 3918 a
717 3866 796 3919 beato
819 3868 949 3931 Prospero
969 3864 1130 3918 admonitus
1150 3867 1252 3933 luerat,
1264 3854 1394 3933 speciosi!

150 3964 251 4016 ibidem
272 3971 298 4017 et
318 3965 428 4032 grandis
450 3965 561 4017 basilica
574 3971 789 4018 construeretur.
812 3967 872 4030 lpse
895 3965 1121 4030 aotempraesul,
1135 3965 1210 4019 sicut
1231 3964 1367 4019 admonius

150 4062 247 4128 fuerat,
261 4064 295 4115 ad
308 4062 435 4116 ellectum
448 4065 538 4130 operis
550 4065 609 4116 sine
623 4077 698 4117 mora
711 4064 863 4130 perducere
876 4064 1040 4130 procuravit.

183 4161 214 4215 8.
229 4165 291 4215 Post
304 4163 369 4216 baec
385 4163 504 4230 denique
517 4164 671 4229 praedictus
682 4165 799 4217 Thomas
811 4163 1149 4230 reverenduscpiscopus‚
1159 4165 1209 4219 tali
1223 4164 1367 4219 revelatione

151 4276 309 4328 succensus,
325 4263 429 4315 tumulo
440 4265 496 4328 jam
514 4270 620 4329 reperto
632 4263 680 4316 ubi
701 4277 801 4329 corpus
820 4264 890 4317 beati
911 4262 1034 4328 orosperl
1051 4276 1067 4315 a
1085 4267 1193 4317 sanetis
1209 4274 1238 4319 et
1254 4254 1386 4331 relig'otit'

150 4361 214 4412 viris
229 4361 295 4413 olim
308 4363 423 4426 positum
437 4362 535 4425 lucrat,
549 4376 612 4415 mox
625 4363 653 4415 in
666 4363 762 4415 eodem
778 4364 847 4426 loco,
857 4362 1007 4416 artificibus
1018 4368 1047 4415 et
1055 4366 1253 4441 caementariis
1262 4352 1394 4426 undique!

149 4461 279 4521 collectis,
304 4462 473 4526 perspicuam
498 4462 526 4512 in
557 4463 715 4515 memoriam
745 4469 772 4515 et
800 4462 930 4515 bonorem
945 4461 1033 4528 ipsius
1058 4462 1212 4524 basilicam
1242 4460 1366 4519 aedilitate

148 4571 292 4626 aggressus
305 4566 354 4612 est.
369 4562 454 4623 Quam
466 4560 563 4613 Christi
576 4560 742 4627 suffragante
760 4561 856 4629 gralia,
868 4567 895 4613 et
913 4560 992 4614 beato
1015 4563 1153 4627 Prospero
1174 4561 1365 4620 intemeotent,
