3076 5498
279 350 375 400 erac.
394 350 479 401 unu.
498 351 615 401 runis.
633 371 680 383 -
697 352 852 402 uersus.
872 354 919 403 uo
937 351 1015 404 ooo.
1035 352 1127 405 russo.
1258 341 1326 409 243

130 512 177 569 titos
193 518 313 572 ordinare
332 518 507 573 desiderabat
518 519 643 583 idoneos,
663 533 699 572 ne
720 524 831 586 propter
851 521 998 575 servitores
1016 523 1129 577 bomine
1149 523 1327 590 displicerent

130 618 213 686 entia,
225 622 294 674 sicut
314 622 446 687 scriptum
467 626 509 675 est
524 637 530 673 :
544 621 590 675 Ne
603 621 746 688 offeratis
756 624 844 677 ultra
864 625 1060 694 sacrificium
1072 623 1207 695 frustra,
1221 627 1324 683 inccn-

130 725 173 769 rum
190 720 320 772 oestrum
343 718 534 773 abominatio
551 723 597 774 est
613 719 702 773 mibi.
715 721 915 775 Neomeniam
936 725 968 776 ct
986 721 1148 778 sabbatum
1160 726 1189 778 ct
1208 723 1326 792 festivi-

130 816 177 868 otn
186 818 265 872 alias
276 820 397 872 vestras
417 817 605 886 manseram.
620 822 651 871 lit
663 819 789 873 subditur
801 833 882 874 causa
900 839 906 873 :
923 821 1002 880 Quia
1015 821 1118 890 iniqui
1129 826 1204 877 sunt
1222 827 1325 878 coetus

130 915 197 968 *ectri
208 919 239 969 itt
259 918 288 968 in
306 918 387 970 Amos
399 918 531 983 propbeta
553 917 619 970 dicit
631 891 763 970 Dominus
777 934 783 970 :
796 919 829 972 Si
840 918 1014 973 obtuleritis
1037 919 1118 974 milti
1138 920 1320 976 homousia

130 1019 195 1071 astra
205 1020 234 1070 et
245 1029 377 1070 munera
388 1019 501 1085 aesna,
512 1030 574 1071 non
585 1017 765 1085 suscipiam,
777 1021 806 1071 et
817 1021 888 1073 vota
895 1020 1067 1087 pinquium
1075 1023 1250 1076 uestrorum
1261 1034 1325 1077 non

130 1115 266 1182 apicum.
280 1114 380 1184 Aufer
398 1129 419 1169 a
431 1129 479 1169 mc
500 1118 671 1170 tumultum
682 1129 836 1172 cmnuum
857 1121 993 1186 tuorum,
1006 1123 1038 1173 et
1057 1122 1214 1175 canticum
1235 1123 1325 1188 tyrae

130 1226 170 1268 uae
185 1229 245 1270 non
264 1214 406 1270 audiam.
420 1217 503 1282 Cuius
524 1216 563 1269 rei
584 1229 667 1270 causa
688 1218 881 1283 praemittitur,
896 1232 957 1271 cum
979 1219 1079 1273 dicitur
1092 1236 1099 1272 :
1112 1220 1182 1274 Non
1199 1221 1324 1288 capiam

130 1312 214 1367 tuen
233 1317 377 1369 connum
397 1317 580 1368 uestrorum.
603 1314 672 1368 Non
691 1315 775 1368 enim
794 1315 1028 1384 acceptabiliter
1039 1317 1136 1371 serpit
1152 1330 1258 1373 coram
1271 1319 1326 1372 Do·

130 1412 288 1480 nunciatus
309 1414 501 1467 conversatio
522 1411 599 1480 fetet
619 1426 726 1468 coram
743 1414 821 1481 ipso.
840 1416 871 1466 itt
891 1416 1036 1481 quoniam,
1051 1417 1122 1470 sicut
1141 1418 1273 1470 babemus
1294 1418 1323 1470 in

131 1513 239 1579 rcciiele,
252 1512 425 1579 offenditur
437 1513 587 1567 Dominus
599 1515 709 1568 contra
723 1513 795 1566 titos
811 1513 867 1580 qui
878 1514 1032 1568 inducunt
1052 1515 1136 1569 ciros
1155 1516 1324 1570 incircum·

130 1609 318 1667 toscordeut
335 1612 399 1665 sim
422 1612 456 1664 in
467 1612 653 1665 sanctuario
671 1625 727 1664 suo
739 1614 769 1665 ct
785 1613 935 1678 polluant
956 1612 1082 1666 domum
1102 1626 1194 1668 suam
1208 1616 1240 1667 et
1255 1613 1325 1680 offe·

130 1714 170 1763 ant
180 1725 277 1779 panes
296 1725 369 1766 suos
389 1715 419 1765 ct
439 1711 565 1779 adipem
585 1713 615 1765 et
636 1711 831 1778 sanquinem,
850 1711 976 1787 ideouvir
997 1716 1117 1777 sanctus,
1131 1717 1269 1780 tamquam
1283 1713 1325 1765 vir

132 1816 233 1865 moratus
244 1819 273 1865 et
290 1816 396 1865 amator
409 1811 560 1864 honestatis
572 1816 598 1863 et
611 1810 751 1878 religionis
763 1810 872 1873 zelator,
892 1823 1003 1877 operam
1016 1809 1093 1863 dedit
1109 1815 1137 1865 et
1149 1811 1322 1877 industriam,

131 1910 245 1965 telericos
257 1911 413 1965 saeculares
424 1911 470 1978 qui
483 1911 512 1962 in
526 1910 674 1963 cathedrali
687 1910 802 1963 ecclesia
817 1910 1005 1963 bubulunensi
1017 1909 1133 1963 instituti
1145 1911 1255 1964 fueraut
1267 1923 1324 1964 ser-

130 2005 200 2076 itorcs,
215 2011 367 2064 secundum
389 2011 548 2062 interiorem
570 2015 597 2061 et
609 2009 770 2062 exteriorem
784 2009 923 2062 bominem
935 2013 1114 2063 commutatos
1135 2010 1164 2063 in
1178 2010 1275 2064 melius
1294 2011 1323 2062 in

130 2108 229 2171 epulares
240 2109 389 2163 canonicos
401 2109 618 2172 transformaret,
630 2108 749 2174 iecitque
767 2109 841 2161 viros
861 2107 1002 2161 ordinatos
1014 2112 1041 2160 et
1053 2109 1231 2162 circumcisos
1253 2115 1325 2162 stare

130 2212 214 2261 eunus
225 2213 321 2262 contra
334 2209 429 2282 altare,
437 2214 464 2262 et
476 2208 504 2260 in
518 2221 586 2261 sono
599 2221 694 2260 eorum
706 2207 803 2259 dulces
817 2207 880 2259 lecit
892 2206 1027 2273 modulos
1035 2213 1062 2260 et
1073 2207 1150 2260 dedit
1162 2208 1191 2261 in
1203 2208 1323 2261 celebra·

130 2303 211 2361 loribus
221 2307 316 2373 decus,
327 2313 355 2361 et
366 2308 473 2361 ornavit
484 2315 608 2372 tempora
620 2319 707 2372 usque
719 2307 753 2358 ad
766 2305 1029 2359 consummationem
1041 2307 1122 2360 vitae.

144 2404 180 2460 to.
200 2405 400 2461 lacuerabatur
421 2407 534 2460 Domino
556 2406 596 2459 vir
620 2411 731 2458 sanctus
751 2405 906 2458 miserendo
931 2406 1097 2471 pauperibus
1120 2410 1148 2458 et
1171 2405 1322 2460 visceribus

130 2501 296 2560 neumroiae
308 2505 445 2570 abluebat,
458 2511 587 2571 totusque
599 2506 627 2556 in
640 2505 832 2570 compassione
845 2516 996 2570 pauperum
1008 2504 1127 2570 pensatis
1136 2517 1232 2558 eorum
1243 2503 1323 2559 mise-

130 2597 155 2651 iis
163 2603 331 2670 liquescebat.
344 2607 402 2657 Non
423 2604 532 2672 negavit
551 2602 626 2670 quod
639 2602 766 2655 volebant
778 2601 945 2668 pauperibus
957 2607 983 2654 et
996 2602 1166 2667 exspectanti
1179 2616 1235 2656 non
1249 2603 1324 2657 llexit

130 2686 302 2758 tulosriduae.
316 2705 375 2757 Non
387 2701 670 2756 comeditbuccellam
690 2702 768 2766 panis
786 2701 871 2767 solus,
885 2700 934 2753 sed
954 2701 1075 2754 comedit
1095 2702 1215 2768 pupillus
1226 2715 1259 2755 ex
1280 2715 1323 2757 eo.

130 2796 162 2850 loo
172 2801 287 2870 despexit
307 2808 528 2870 praetereuntem
543 2802 589 2869 qui
611 2814 667 2854 non
691 2800 808 2854 babebat
827 2799 1022 2853 indumentum
1035 2804 1063 2853 et
1075 2800 1135 2854 sine
1152 2802 1326 2867 operimento

130 2907 251 2965 liuperern,
264 2901 313 2955 sed
335 2901 535 2955 benedixerunt
557 2901 583 2952 ei
595 2900 680 2952 latera
702 2901 771 2965 ejus,
785 2899 849 2965 quia
869 2899 904 2951 de
917 2899 1087 2952 vestimentis
1107 2899 1165 2953 suis
1177 2901 1326 2954 calefactus

130 2999 157 3048 tt.
167 3000 222 3054 llam
235 3001 314 3069 quasi
327 3002 361 3054 ab
374 3001 489 3053 infantia
503 3001 588 3065 ipsius
606 2999 691 3053 crevit
703 3012 766 3051 cum
779 2999 839 3065 ipso
855 2999 1003 3066 miseratio,
1017 3005 1045 3051 et
1057 3000 1097 3052 sic
1111 3001 1204 3053 innata
1216 3001 1325 3055 videba-

130 3102 372 3156 ureimisericordia
384 3103 462 3168 quasi
485 3101 519 3153 de
532 3107 609 3154 utero
625 3101 719 3152 matris
737 3113 802 3152 suae
817 3112 944 3167 egressus
958 3099 1053 3151 suisset
1069 3113 1132 3152 cum
1152 3099 1222 3165 ipsa.
1236 3103 1323 3153 liores

130 3195 274 3259 usnermu
290 3204 350 3255 sine
362 3203 484 3266 auaritia,
501 3200 622 3254 contenti
634 3201 833 3266 praesentibus,
847 3204 874 3251 et
886 3200 950 3265 quia
964 3198 1063 3251 suitlcit
1079 3198 1134 3251 diei
1147 3200 1250 3253 malitia
1263 3214 1321 3268 sua,

130 3297 204 3353 uolebat
225 3303 356 3356 sollicitus
374 3316 434 3355 esse
452 3302 487 3355 de
507 3302 636 3364 crastino,
659 3301 707 3353 sed
729 3301 817 3366 primo
839 3300 989 3367 quaerebat
1008 3313 1125 3365 regnum
1139 3300 1184 3353 liei
1206 3306 1234 3353 et
1244 3302 1323 3367 justi·

130 3396 166 3450 lan
175 3404 237 3467 ejus,
250 3403 342 3454 sciens
354 3402 485 3468 quoniam
496 3401 656 3452 timentibus
677 3403 762 3452 iteum
784 3399 852 3451 nibil
865 3399 951 3462 deest,
963 3399 1030 3465 quin
1046 3399 1129 3452 immo
1150 3401 1190 3452 eis
1204 3414 1253 3466 per
1272 3402 1324 3454 boc

130 3495 249 3554 ticiuotur
260 3502 364 3564 omnia,
378 3507 405 3553 et
417 3501 588 3566 inquirentes
610 3499 755 3551 Dominum
769 3512 824 3551 non
844 3499 1004 3550 minuentur
1026 3499 1100 3550 omni
1113 3499 1196 3552 bono.
1209 3503 1323 3552 Causam

130 3609 180 3650 uam
198 3600 336 3653 nesciebat
356 3590 574 3667 diligentissime,
596 3611 653 3650 non
675 3599 795 3664 ponebat
815 3599 948 3664 judicium
971 3599 998 3650 in
1022 3597 1245 3660 amaritudinem,
1271 3611 1322 3649 nec

130 3699 339 3766 uetumjustitiae
349 3700 525 3752 convertebat
534 3698 562 3749 in
574 3697 738 3749 absinthium
749 3715 757 3762 3
768 3702 794 3749 et
803 3697 927 3764 quamvis
939 3697 965 3748 in
973 3696 1122 3762 judicando
1131 3696 1242 3762 pupillis
1251 3701 1324 3750 esset

131 3797 251 3855 isericors
263 3804 291 3851 et
311 3812 361 3864 pro
374 3799 431 3851 siro
444 3798 522 3849 matri
535 3810 641 3861 eorum,
656 3810 711 3849 non
728 3803 819 3849 amen
842 3796 992 3862 accipiebat
1004 3809 1151 3861 personam
1169 3795 1321 3863 injudicio,

130 3910 148 3948 a
168 3898 206 3949 sic
227 3897 379 3951 honorabat
399 3897 504 3950 vultum
521 3895 643 3962 potentis
666 3902 713 3948 aut
733 3896 941 3961 pertimescebat
961 3897 1021 3962 eius
1042 3896 1137 3948 taciem
1157 3901 1187 3948 ut
1209 3902 1324 3960 poneret

130 3997 250 4049 undalum
265 3999 294 4049 in
307 3996 426 4064 agilitate
439 4009 497 4058 sua,
512 3996 605 4048 lavore
620 3995 663 4048 vel
678 3997 775 4047 timore
790 3995 942 4059 potentium
955 3996 1083 4061 ajustitia
1098 3995 1261 4060 recedendo,
1275 3993 1324 4046 sed

130 4119 131 4124 ¹
144 4111 302 4164 pauperem,
314 4099 354 4149 sic
365 4096 487 4161 diuitem,
502 4097 540 4148 sic
554 4109 666 4161 parrum
678 4095 817 4161 judicabat
828 4101 859 4146 ut
871 4108 1009 4161 magnum.
1022 4097 1079 4147 Non
1092 4099 1150 4147 orat
1164 4094 1248 4147 bostis
1258 4093 1323 4159 justi

130 4198 227 4264 :ipiens
239 4210 356 4249 munera
367 4202 395 4248 et
415 4208 564 4261 pauperem
585 4194 744 4260 deprimens
767 4196 795 4245 in
817 4199 894 4260 porta
912 4193 1019 4259 iudicii,
1032 4193 1080 4246 sed
1095 4194 1213 4247 excussit
1227 4205 1322 4245 manus

130 4312 149 4350 s
162 4298 199 4350 ab
218 4294 295 4350 omni
308 4307 435 4360 munere,
449 4293 526 4345 illum
547 4306 657 4358 semper
679 4293 783 4344 babens
803 4292 832 4344 in
854 4292 940 4346 oculis
961 4292 1007 4359 qui
1027 4292 1065 4345 ait
1078 4306 1084 4342 :
1099 4292 1167 4344 Non
1187 4291 1322 4357 accipies

130 4407 228 4462 rma,
242 4407 324 4463 qaae
347 4394 516 4446 escaecant
538 4394 567 4445 et
585 4391 756 4458 prudentes
778 4393 809 4444 et
833 4391 1017 4445 inmercum
1043 4389 1135 4443 cerba
1156 4390 1320 4454 iustorum.

130 4497 247 4552 bulabat
259 4495 346 4563 igitur
358 4492 388 4545 in
399 4491 511 4558 judiciis
521 4496 547 4544 ct
557 4491 719 4556 loquebatur
731 4491 872 4544 veritatem
885 4504 966 4557 super
976 4491 1152 4543 innocentem
1163 4507 1171 4556 ;
1183 4502 1239 4542 non
1249 4502 1324 4542 acce·

130 4608 259 4662 manera,
273 4592 325 4648 scd
348 4591 465 4658 projecit
477 4589 619 4643 avaritiam
631 4603 663 4643 ex
676 4590 813 4642 calumnia
831 4594 858 4642 et
870 4589 987 4643 excussit
999 4602 1097 4642 manus
1115 4601 1179 4641 suas
1195 4588 1230 4642 ab
1247 4590 1323 4642 omni
