3082 5498
597 306 722 358 carn.
741 307 844 358 GODD.
862 309 1035 360 malodis.
1054 308 1134 360 ΜΤ.

568 528 779 641 Appendix
809 530 859 618 ad
889 529 973 621 cod.
1008 529 1157 619 11749.

404 743 583 810 Mrrracuun
607 745 653 812 S*
677 747 819 814 Annuus
843 745 924 832 (Cir.
952 765 1064 833 supra,
1083 766 1116 832 p.
1138 747 1193 826 ll,
1211 743 1296 833 22⁰).

285 928 311 979 1.
330 928 447 996 Agamus
459 931 513 984 beo
522 929 712 984 indesinenter
724 932 881 997 praeconia,
895 931 958 998 quia
971 933 1204 1000 au[g]mentantur
1216 938 1244 985 et
1255 934 1386 984 crescunt
1397 930 1525 983 almae

250 1024 516 1094 rirginlsmiracula.
535 1029 673 1093 Quaedam
695 1029 951 1103 feminal-visione
968 1031 1145 1102 commonita,
1159 1030 1246 1085 oculis
1267 1043 1358 1090 caeca,
1377 1033 1506 1084 sanctos

249 1135 325 1181 artus
337 1129 470 1181 festinans
480 1128 598 1195 visitare,
612 1143 692 1181 usum
712 1130 855 1183 oculorum
875 1131 979 1183 moritis
991 1137 1102 1184 sanotae
1123 1130 1259 1198 gratulata
1280 1133 1323 1182 est
1336 1128 1498 1193 recepisse.

252 1228 328 1281 Unde
339 1228 480 1281 annuatim
503 1228 569 1280 illuc
582 1229 713 1282 veniebat
725 1235 753 1281 et
771 1230 947 1282 circumcirca
960 1203 1095 1282 tumulum
1114 1229 1205 1295 scopis
1217 1228 1372 1282 mundabat
1384 1227 1493 1281 herbis·
1510 1230 1533 1280 5

250 1340 305 1393 que
316 1325 461 1381 odoriferis
472 1340 566 1380 sacrae
580 1328 676 1396 virgini
690 1329 825 1394 placebat.

283 1427 315 1481 2.
333 1427 392 1482 Alio
413 1429 524 1495 quidem
545 1434 677 1496 tempore,
693 1430 864 1496 exigentibus
884 1430 972 1497 culpis
989 1431 1089 1484 civium
1111 1431 1263 1484 l‘arisiacae
1282 1430 1371 1488 urbis,
1390 1429 1483 1482 civitas

250 1532 306 1582 tota
316 1529 438 1581 cernitur
448 1528 633 1594 inllammata;
648 1530 867 1597 monasteriaque
879 1542 950 1596 quae
971 1530 1043 1581 intra
1055 1543 1148 1583 muros
1160 1536 1239 1583 erant
1264 1533 1480 1596 cunctorumque

250 1628 349 1682 civium
369 1629 500 1681 cenacula
520 1627 712 1697 pla[n]guntur
729 1634 911 1683 concremata.
933 1629 1026 1681 omnia
1049 1642 1137 1695 paene
1160 1629 1219 1682 loca
1240 1629 1374 1682 vulcanus
1395 1628 1477 1694 possi·

250 1725 342 1793 debat,
356 1739 473 1794 suasque
492 1727 581 1780 minas
593 1727 688 1793 procul
709 1727 847 1781 destinare
868 1728 1052 1793 promittebat.
1065 1730 1117 1782 Pro
1135 1727 1233 1782 dolori
1246 1730 1391 1793 Neptunus
1408 1731 1479 1780 extra
1492 1715 1533 1778 lO

250 1826 349 1880 urbem
361 1827 489 1880 currebat
509 1840 561 1880 nec
580 1827 678 1880 urbem
699 1828 878 1894 penetrabam
892 1827 1009 1894 ideoque
1030 1826 1101 1880 nihil
1122 1827 1237 1881 vulcano
1256 1828 1376 1881 nocebat
1396 1838 1481 1893 neque

250 1926 355 1979 civibus
368 1926 480 1980 minime
489 1927 675 1980 succurrebat.
686 1928 811 1979 Attamen
820 1927 893 1978 inter
904 1928 998 1994 igneas
1009 1928 1081 1979 acies
1094 1926 1265 1993 reliquerunt
1277 1927 1306 1978 in
1318 1925 1480 1979 monasterio

107 2027 194 2105 'cod
252 2027 339 2079 sancti
351 2026 438 2095 llligii,
457 2027 583 2080 simililer
595 2032 624 2080 ut
637 2026 751 2092 reliquis
762 2024 877 2079 aedibus
889 2026 897 2045 ·
907 2028 963 2093 jam
984 2025 1108 2092 ardente,
1121 2039 1222 2093 corpus
1240 2024 1417 2079 beatissimae
1428 2026 1479 2077 rir-

86 2094 223 2149 memms'
252 2125 323 2193 ginis
334 2127 450 2179 Aureae.
463 2127 512 2179 cui
532 2138 611 2179 sacro
629 2126 738 2191 corpori
758 2125 835 2191 quasi
848 2125 884 2178 ob
903 2124 1055 2177 custodiam
1075 2123 1199 2178 adhaesit
1218 2123 1354 2192 quaedam
1373 2124 1480 2188 mulier,

249 2225 362 2277 nomi-ne
371 2224 545 2292 adalgardis,
554 2223 698 2278 confidens
710 2224 780 2277 tueri
790 2237 821 2276 ac
831 2224 941 2277 liberari
952 2223 1079 2289 precibus
1090 2229 1117 2276 et
1129 2223 1234 2276 meritis
1244 2229 1356 2276 sanctae
1368 2222 1483 2291 virginis
1499 2221 1533 2274 ll·

247 2323 364 2378 Aureae.
387 2326 463 2378 Tune
482 2331 590 2390 poteras
611 2323 706 2377 videre
729 2324 888 2390 trequentes
912 2336 1015 2389 prunas
1042 2323 1112 2390 ignis
1136 2321 1236 2376 cadere
1254 2336 1338 2388 super
1359 2326 1483 2375 sanctam

248 2426 365 2479 Auream
386 2431 468 2491 atque
489 2424 618 2478 feminam
641 2422 856 2488 adhaerentem3
875 2428 997 2476 ceterum
1018 2428 1153 2490 quotquot
1172 2422 1298 2476 tlammae
1320 2421 1483 2475 rel-terridi

248 2525 382 2578 carbones
395 2537 478 2591 super
489 2537 535 2577 eas
548 2523 693 2583 cadebant.
707 2536 769 2576 mox
779 2523 856 2590 quasi
869 2537 884 2575 a
896 2536 994 2590 magno
1007 2522 1122 2576 domine
1134 2522 1391 2590 exstinguebantur.
1402 2521 1484 2575 valde

249 2625 349 2677 mirum
362 2630 403 2678 est
415 2626 488 2691 quod
500 2624 572 2678 dico.
586 2626 689 2677 Revera
702 2623 763 2690 plus
775 2623 850 2676 dictu
862 2624 951 2676 mirati
970 2631 1035 2676 sunt
1047 2637 1143 2677 omnes
1155 2623 1249 2690 populi
1267 2623 1412 2675 uenientes
1424 2626 1483 2674 tan·

247 2727 306 2774 tum
317 2721 411 2776 ridere
423 2722 597 2783 miraculum,
611 2722 749 2788 quomodo
762 2722 807 2773 illa
820 2724 916 2775 saltem
930 2723 1030 2775 semina
1044 2735 1100 2775 non
1123 2723 1174 2774 tuit
1185 2727 1302 2785 mortua,
1313 2726 1369 2773 tarn
1383 2731 1483 2788 magno
1498 2719 1533 2770 ΞΕ

249 2820 339 2875 calore
351 2828 480 2889 cooperta
491 2830 573 2889 atque
584 2834 750 2886 compressa.

281 2921 312 2974 8.
332 2923 506 2975 Beatissimae
525 2923 630 2974 Aureae
650 2921 763 2989 virginis
785 2921 872 2974 bonor
893 2921 991 2974 crescit
1013 2922 1042 2972 in
1063 2920 1149 2982 caelo,
1168 2924 1195 2972 et
1219 2918 1348 2971 miracula
1372 2919 1433 2985 ejus
1452 2917 1482 2970 ln

248 3022 361 3075 mundo.
374 3021 514 3088 Siquidem
531 3021 633 3074 femina
654 3019 811 3101 quaeldam]
824 3020 923 3085 extitit,
937 3019 1063 3072 ltatrudls
1085 3020 1206 3079 nomine,
1220 3031 1281 3071 cum
1300 3018 1355 3071 illia
1369 3016 1482 3084 quidem

248 3133 307 3189 sua,
320 3121 496 3175 carnotensis
507 3133 619 3187 genere,
632 3121 676 3172 cui
689 3118 822 3184 placabile
831 3124 890 3171 erat
899 3118 998 3186 degere
1012 3119 1128 3171 Parislus
1138 3122 1166 3169 ln
1179 3118 1248 3171 urbe
1258 3118 1329 3170 circa
1340 3117 1483 3170 basilicam

247 3220 333 3273 sancti
346 3219 511 3272 confessoris
524 3219 611 3286 Eligii
624 3216 815 3270 indifferenter
826 3231 944 3282 operans
954 3218 1117 3270 muliebrem
1128 3223 1225 3279 artem,
1235 3230 1380 3283 quasuum
1391 3217 1483 3269 virere
1499 3215 1533 3268 Ξ

245 3318 408 3386 adquirebat
419 3318 495 3371 omni
508 3324 640 3383 tempore.
654 3318 754 3370 Eadem
768 3319 869 3384 quippe
883 3317 951 3370 nulli
972 3322 1129 3371 sanctorum
1143 3317 1280 3369 festivitati
1300 3317 1425 3382 requiem
1440 3317 1484 3369 sui

249 3415 342 3480 operis
354 3427 404 3483 pro
419 3417 551 3483 religione
572 3415 738 3482 praestabat,
752 3420 859 3481 praeter
880 3416 1046 3468 dominicam
1060 3414 1134 3468 diem
1146 3415 1207 3469 orbi
1221 3414 1376 3469 colendam.
1388 3414 1484 3480 vigilia

245 3524 311 3566 vero
323 3512 514 3566 sollemnitatis
527 3517 637 3566 sanctae
649 3513 762 3580 virginis
772 3515 877 3567 Aureae
888 3513 1054 3567 commonita
1064 3519 1104 3566 est
1115 3527 1223 3566 cessare
1235 3515 1269 3566 ab
1282 3513 1374 3579 operis
1386 3512 1485 3566 labore

245 3611 282 3664 ob
299 3612 436 3667 almilluae
449 3614 636 3667 celebritatem
649 3613 761 3680 virginis
782 3614 981 3667 honorabilem.
996 3614 1044 3665 llla
1062 3623 1154 3666 tamen
1172 3614 1357 3681 respondente
1376 3612 1485 3666 nullam

250 3725 280 3765 se
302 3712 404 3766 trabere
424 3718 521 3777 artem,
541 3725 632 3779 neque
652 3713 681 3764 in
702 3713 816 3765 scientia
837 3726 927 3779 neque
946 3714 1002 3765 ulla
1016 3713 1199 3779 possessione,
1212 3718 1326 3778 excepto
1346 3725 1484 3765 manuum
1499 3713 1527 3767 5⁰

249 3811 344 3865 labore
358 3830 364 3865 ε
381 3812 539 3879 obiectam,
553 3813 658 3880 agebat,
667 3824 716 3865 nte
723 3814 833 3879 poscet
844 3812 987 3873 crastino
1008 3813 1060 3865 dte
1073 3814 1131 3865 aut
1155 3810 1422 3878 promontoriorum
1435 3813 1485 3865 vel

247 3910 377 3978 induor,
388 3912 454 3965 nisi
466 3912 581 3966 laboris
593 3912 655 3965 mei
663 3912 833 3967 coactiones
844 3912 941 3965 ortdor
950 3914 1056 3964 alotet
1067 3910 1193 3978 foueat?
1206 3913 1262 3974 Qua
1273 3910 1307 3963 de
1317 3923 1400 3964 causa
1412 3909 1484 3963 nibil

248 4011 371 4064 reserens
384 4012 496 4065 honoris
508 4024 625 4078 sponsae
638 4013 748 4071 christi,
759 4010 822 4064 ilico
835 4010 934 4063 cecidit
947 4010 1001 4062 tllia
1011 4011 1071 4077 ejus
1084 4009 1114 4061 in
1124 4009 1296 4063 mortiferum
1307 4010 1483 4077 languorem,

249 4110 296 4175 qui
308 4111 443 4165 cruciatus
462 4112 486 4164 ei
499 4111 626 4178 ingentes
646 4112 728 4165 dabat
740 4116 767 4163 et
778 4115 903 4163 vertente
924 4123 998 4163 anno
1009 4110 1092 4162 uitam
1105 4109 1197 4162 carnis
1214 4109 1335 4175 abstulit,
1349 4109 1485 4176 quatinus

249 4210 355 4264 cunctis
367 4210 507 4276 patefieret
519 4211 647 4264 famulam
661 4211 707 4264 bei
720 4211 778 4264 lore
789 4208 983 4264 venerandam.
1502 4214 1533 4268 aa
