3076 5498
145 308 213 373 310
493 321 617 372 aaran.
637 321 739 371 oonn.
758 321 933 372 almeon.
952 321 1033 373 nar.

147 495 201 546 tem
222 492 318 545 sibiet
338 492 395 543 suis
417 493 558 546 monacbis
575 492 779 558 inperpetuum
801 489 965 553 vendicavit,
978 490 1132 556 opitulante
1154 492 1269 544 Domino
1280 496 1385 544 ηας-«ἓ

145 595 211 645 lesu
224 592 339 656 Christo,
353 593 431 657 cujus
443 591 532 645 bonor
544 596 571 644 et
584 591 729 657 imperium
749 594 893 657 permanet
904 591 933 642 in
949 591 1117 656 sempiterna
1137 591 1248 644 saecula
1258 597 1385 643 saecr-

148 705 219 745 rum.
233 693 328 744 Amen.

211 903 263 959 De
284 901 422 958 duobus
444 894 652 957 diaconibus
673 894 774 955 ulum
793 896 843 954 ad
863 893 1051 956 ecdeslcm
1071 895 1306 966 normannus.

182 1092 332 1146 mirabilem
344 1103 455 1158 quoque
468 1088 577 1142 divinae
588 1089 695 1141 virtutis
710 1089 908 1154 operationem,
922 1101 1004 1155 quam
1016 1089 1120 1155 spiritu
1133 1094 1230 1142 sancto
1243 1088 1385 1142 revelante

93 1170 94 1173 Ἴ
149 1189 243 1256 didici,
257 1190 376 1244 arbitror
393 1202 449 1241 non
462 1201 522 1240 esse
534 1187 678 1240 silendam.
696 1188 869 1240 beatissimus
882 1188 974 1252 itaque
985 1186 1140 1255 llaglorius,
1154 1188 1243 1256 longis
1253 1187 1380 1241 omioni·

151 1289 202 1343 bus
214 1294 242 1341 et
251 1289 364 1356 jeiuniis
376 1288 510 1354 fatigatus,
525 1286 631 1338 eumad
645 1284 812 1351 decrepitam
825 1286 992 1351 pervenisset
1009 1291 1139 1351 aetatem,
1153 1292 1265 1340 nutante
1281 1299 1372 1353 gressu

151 1388 294 1442 ecelesiam
319 1399 395 1440 more
408 1386 487 1440 solito
501 1386 576 1437 adire
589 1398 645 1437 non
658 1389 774 1450 poterat.
788 1386 911 1450 cumque
924 1390 1035 1451 propter
1047 1385 1098 1437 boc
1116 1386 1196 1439 valde
1208 1388 1366 1439 animoesset

150 1491 350 1551 consternatus,
364 1485 452 1538 visum
467 1489 508 1537 est
526 1485 656 1536 iratribus
669 1483 738 1537 duos
750 1484 850 1537 levitici
872 1484 979 1536 ordinis
992 1486 1145 1550 praestanti
1157 1499 1268 1552 corpore
1279 1485 1360 1538 iratres

151 1601 183 1640 ex
204 1588 279 1640 omni
301 1585 512 1652 congregatione
533 1584 774 1650 eligere‚quorum
796 1584 893 1637 solatio
914 1586 940 1636 et
959 1584 1101 1649 juvamine
1123 1582 1383 1639 illiusimbeeillitaslt

150 1690 309 1752 sustentata,
323 1685 472 1738 oratorium
486 1684 552 1735 bora
565 1683 730 1748 competenti
743 1682 814 1735 iacili
829 1696 924 1750 gressu
945 1681 1129 1737 intitubanter
1146 1692 1239 1750 posset
1248 1685 1317 1738 adire.
1328 1685 1351 1733 lt

150 1786 199 1850 illi,
222 1788 351 1849 suscepto
372 1796 456 1836 onere
480 1782 531 1835 sibi
552 1782 686 1846 injuncto,
708 1785 847 1848 gratanter
869 1782 947 1834 illum
966 1782 1000 1835 ad
1022 1783 1169 1837 ecclesiam
1190 1784 1347 1845 ducebantur

152 1886 250 1938 iterum
272 1895 394 1951 congruo
415 1888 539 1947 tempore
559 1886 586 1933 et
605 1880 681 1934 linita
703 1881 827 1935 oratione
847 1882 1051 1950 gratantissime
1071 1882 1186 1937 domum
1207 1882 1344 1938 reducebant
1379 1860 1385 1877 ⁴

153 1986 275 2050 cumque
288 1982 334 2034 tali
349 1981 500 2033 ministerio
522 1979 618 2033 sedulo
635 1980 825 2047 limgerentur,
839 1981 957 2048 quodam
977 1981 1023 2033 die
1044 1982 1124 2050 testo,
1138 1983 1246 2050 quando
1257 1978 1343 2034 illumin

153 2083 296 2137 ecclesiam
309 2080 456 2145 ducebant,
470 2093 542 2132 unus
555 2079 664 2132 illorum
677 2081 705 2132 in
719 2080 809 2133 medio
822 2081 919 2134 itinere
928 2081 1038 2134 amissis
1047 2082 1153 2136 viribus
1163 2083 1258 2136 restitit
1264 2087 1285 2135 et
1292 2066 1371 2131 illoti

152 2182 276 2236 membra
289 2181 458 2233 sanctissima
474 2180 565 2232 levare
577 2192 655 2232 morc
668 2180 747 2233 solito
760 2180 836 2233 nullo
858 2178 939 2233 modo
951 2180 1049 2246 potuit.
1063 2184 1150 2245 Quem
1166 2187 1269 2235 sanctus
1277 2176 1342 2246 lagia

153 2282 210 2334 rius
223 2280 312 2347 sagaci
332 2278 542 2346 investigatione
554 2278 699 2344 inquisivit
718 2278 784 2344 quid
802 2279 855 2331 sibi
875 2279 1019 2332 accidisset
1031 2283 1058 2331 et
1070 2292 1213 2347 europem
1224 2282 1341 2334 mumdum

153 2381 267 2447 implere
280 2378 416 2444 nequiret.
430 2377 529 2443 atille,
542 2377 737 2429 verecundiam
760 2379 860 2431 rubore
882 2378 1085 2443 demonstrans,
1099 2381 1255 2445 o[b]mutuit
1270 2384 1292 2432 et
1304 2370 1343 2428 nul·

153 2485 206 2536 lam
221 2484 291 2534 inse
305 2481 431 2532 virtutem
446 2479 585 2547 loquendo
600 2480 702 2533 babere
715 2481 783 2533 nibil
795 2481 1019 2536 indicantium
1029 2488 1143 2537 sanctus
1154 2475 1344 2553 llaglonusditr

152 2591 226 2644 nitus
247 2588 408 2655 inspiratus,
433 2589 523 2640 statim
543 2586 681 2641 intellexit
701 2588 778 2641 illum
799 2589 902 2656 aliquid
915 2590 1053 2656 culpabile
1064 2593 1244 2657 commisisse,
1256 2603 1294 2658 pro
1307 2568 1376 2654 tilti‘¹

152 2686 312 2743 merebatur
324 2690 350 2740 et
363 2700 378 2738 a
392 2692 464 2740 tactu
476 2686 564 2739 sancti
574 2687 626 2739 viri
638 2688 773 2739 removeri
785 2693 811 2740 et
819 2689 854 2741 ab
864 2689 989 2756 ingressu
999 2690 1135 2745 ecclesiae
1147 2690 1349 2759 suspendiorum

152 2793 264 2843 sanctus
277 2786 422 2855 llaglorius
435 2791 548 2853 paterno
562 2784 662 2839 allecta
674 2787 837 2853 corripiens,
850 2789 1002 2842 ammonuit
1014 2802 1093 2843 suam
1106 2792 1214 2859 culpam
1227 2793 1294 2845 citius
1302 2794 1352 2842 oon·

153 2888 233 2953 literi,
247 2893 277 2939 ut
296 2886 405 2939 divinae
427 2886 534 2951 pietatis
554 2885 729 2938 clementiam
751 2891 842 2952 posset
860 2886 991 2941 citissime
1011 2892 1157 2957 consequi.
1179 2891 1280 2944 Dicebat
1295 2884 1353 2940 enim

153 3001 280 3054 magnam
293 2991 320 3039 et
330 2987 440 3039 unicam
453 2998 512 3039 esse
525 2984 701 3053 medicinam,
714 2986 791 3039 lateri
813 2987 888 3053 quod
909 2993 991 3041 uocet
1010 2990 1154 3044 abscondi.
1173 2994 1205 3043 At
1225 2985 1358 3044 iileuiibu⁵

156 3087 237 3139 dictis
254 3086 433 3150 confortatus,
446 3086 565 3152 genibus
577 3084 664 3138 sancti
678 3086 799 3153 ltaglorii
812 3087 972 3152 provolutus
985 3101 1061 3142 suam
1078 3088 1261 3144 infirmitatem
1271 3087 1360 3142 notu·
1374 3059 1385 3112 ³

158 3200 204 3238 sus
217 3190 267 3250 est,
282 3184 378 3238 dicens
391 3200 398 3236 ι
412 3185 509 3237 Pater
527 3186 642 3250 sancte,
662 3184 808 3239 beatem
829 3186 880 3238 die
899 3187 1003 3240 recolo
1020 3186 1138 3242 vidisse
1157 3202 1207 3243 me
1225 3185 1362 3258 mundet*

157 3283 351 3338 meretricem
362 3283 548 3349 odjanuum
560 3283 709 3337 eccleuae
720 3286 861 3341 stantun,
877 3286 972 3352 pedis
989 3286 1129 3353 capillis,
1136 3287 1266 3356 pedibus
1275 3283 1362 3341 nodia

158 3383 297 3439 candida
317 3384 395 3446 cute,
409 3382 473 3434 lota
494 3381 587 3449 facie,
600 3385 710 3436 ornato
733 3383 822 3450 colle,
831 3386 957 3450 pectore
976 3383 1097 3453 foliato,
1116 3386 1152 3439 in
1172 3389 1260 3454 crpus
1276 3389 1365 3440 aeaut

157 3484 305 3550 confiteor
325 3495 373 3535 rne
384 3483 508 3535 venerio
529 3482 681 3535 instinctu
702 3481 894 3536 uehementer
913 3484 1041 3539 arsisse.
1056 3487 1172 3540 sanctus
1193 3488 1325 3556 ltaglonus
1337 3483 1364 3537 ad

158 3581 231 3636 banc
251 3595 344 3634 vocem
366 3580 506 3647 respoudit
526 3580 645 3633 dicens:
668 3580 833 3648 Indulgent
855 3582 911 3635 tibi
931 3585 1082 3652 cominus,
1102 3584 1218 3655 frater,
1239 3574 1385 3643 mitet:

157 3684 260 3736 noctu·
271 3682 361 3734 leurs
377 3679 516 3734 Christus
530 3680 671 3734 lubricae
682 3681 864 3748 cupiditatis
877 3682 1021 3751 effulsos,
1034 3685 1091 3752 qui
1110 3686 1198 3742 beato
1216 3689 1305 3743 Petro
1314 3699 1372 3755 ape

156 3783 235 3835 stolo
248 3781 352 3834 trinae
362 3779 537 3845 respectionis
550 3780 676 3846 culpam
689 3781 838 3848 benignus
851 3782 986 3836 indulsit
996 3786 1027 3836 et
1040 3785 1162 3839 latroni
1173 3787 1210 3840 in
1221 3801 1311 3843 cruce
1319 3802 1376 3842 con

156 3878 260 3947 fitenti
271 3878 395 3930 venium
402 3880 570 3944 praestare
580 3891 644 3931 uon
655 3878 788 3933 distulit.
802 3882 920 3947 Recepta
933 3888 1024 3936 autem
1036 3883 1192 3938 beatissimi
1205 3889 1259 3942 viri
1270 3886 1380 3956 Haglorii

156 3979 339 4046 absolutione,
353 3977 486 4029 diaconus
497 3978 531 4030 de
543 3982 615 4030 terra
625 3979 756 4031 citissime
768 3993 798 4032 se
810 3979 927 4034 elevavit
941 3981 1009 4035 etin
1022 3982 1096 4036 illius
1108 3984 1259 4055 obsequio,
1271 3997 1302 4043 ut
1311 3995 1383 4043 antea

159 4081 349 4141 consueverat,
363 4077 423 4128 siue
434 4076 490 4129 ullo
504 4076 701 4143 impedimento
714 4080 830 4145 sumplis
849 4080 953 4134 viribus
972 4082 1118 4135 ecclesiam
1141 4086 1268 4143 intravit.
1280 4093 1385 4143 liutem

156 4190 223 4242 pore
244 4182 354 4229 sanetus
374 4175 528 4242 maglorius,
550 4176 637 4243 prima
650 4183 845 4244 temptamenta
869 4178 970 4233 diaboli
990 4194 1051 4233 esse
1071 4194 1250 4250 cognoscens
1271 4202 1385 4244 accessus

156 4278 301 4329 mulierum
324 4277 395 4328 intra
417 4277 534 4328 claustra
554 4278 764 4339 monachorum,
786 4292 923 4332 consensu
941 4278 1056 4333 fratrum
1079 4288 1227 4352 praecepit
1249 4290 1385 4344 femineum

156 4390 250 4429 sexum
271 4377 306 4430 ab
326 4377 450 4444 ingressu
468 4389 534 4429 suae
555 4377 685 4431 ecclesiae
704 4378 732 4429 in
751 4385 912 4444 perpetuum
934 4392 996 4432 esse
1016 4394 1203 4453 suspensum,
1218 4402 1270 4454 per
1290 4389 1385 4443 infinita

157 4476 264 4528 saccula
277 4476 459 4528 saeculorum.
473 4478 568 4529 Amen.
