3076 5498
146 301 212 367 234
491 310 617 361 caran.
637 311 739 359 cono.
759 308 934 359 naamon.
953 308 1034 359 nur.

147 483 430 548 Duhlinctpatron
441 481 528 548 d‘Eu,
541 481 660 547 primum
682 480 755 532 edito
775 479 917 547 Rotomagi
935 491 1009 532 anno
1029 481 1222 532 trituramus
1239 492 1266 531 vc

146 597 200 637 nus
222 584 366 643 hactenus,
380 581 408 633 ni
429 581 558 647 fallimur,
573 580 693 632 ineditus
716 585 766 631 est.
791 581 870 631 Hunc
882 592 944 631 cum
958 578 1018 630 aliis
1030 578 1208 631 documentis
1223 578 1257 631 de

146 686 234 739 rentio
247 698 309 738 mox
324 685 407 737 edere
416 683 444 735 in
457 684 548 736 animo
561 687 602 735 est
615 683 687 734 inter
698 681 848 735 Analecta
860 679 1086 733 Bollnndinna.

243 781 309 859 560
335 782 419 859 Vita
437 781 542 858 beati
560 779 760 858 Eustachii
775 779 1053 879 sociorumque
1068 781 1153 879 ejus
1172 778 1250 867 (fol.

295 911 384 989 6060
398 914 430 988 ,0

182 1049 270 1100 Omm.
285 923 413 1112 prologis
429 1051 455 1097 et
467 1048 497 1096 ut
510 1044 659 1110 plurimum
676 1056 747 1110 quae
760 1044 788 1095 in
801 1042 845 1095 ed.
859 1042 969 1094 uncinis
981 1046 1046 1093 sunt
1058 1041 1177 1094 inclusa.

245 1144 309 1220 570
328 1143 459 1220 Passio
477 1151 701 1220 sanctorum
709 1149 924 1241 martyrum
934 1138 1168 1238 Chrysanthi
1176 1148 1214 1217 et
1227 1139 1266 1214 lia

294 1276 473 1353 kalendis
491 1274 713 1353 decembris
732 1273 810 1360 (fol.
833 1272 1080 1362 6060-6060).0

180 1412 238 1463 0m.
252 1409 391 1476 prologus.

244 1507 309 1584 380
327 1506 470 1608 [Passio
488 1506 654 1607 sanctae]
671 1506 866 1606 Eugeniae
896 1506 1059 1606 virginis
1091 1511 1130 1582 et
1148 1504 1197 1580 de
1223 1502 1266 1579 du

293 1638 478 1717 fratribus
497 1639 602 1716 Preti
621 1647 660 1716 et
678 1638 886 1738 Hyacinthi
905 1637 982 1739 (fol.
1005 1636 1248 1735 60606610).0

181 1773 211 1825 ln
224 1771 279 1824 line
292 1772 354 1824 add.
368 1771 503 1838 quaedam
522 1771 558 1823 de
571 1777 657 1824 morte
680 1770 775 1824 matris
795 1783 827 1824 ac
845 1771 1026 1824 conversione
1044 1770 1159 1822 fratrum
1173 1773 1266 1820 sancta<

147 1885 219 1925 ntae.

246 1968 310 2048 590
336 1971 467 2049 Passio
486 1975 640 2048 sanctae
657 1968 829 2046 Eulaliae
846 1966 1009 2069 virginis
1024 1967 1107 2061 (fol.
1128 1965 1266 2043 6110-60,

183 2106 327 2169 [resumpta
340 2117 373 2156 ex
387 2105 517 2157 Passione
531 2105 575 2157 ed.
589 2116 632 2170 ap.
647 2104 751 2168 Florez,
765 2103 891 2169 limana
900 2102 1054 2169 Sacrndc,
1066 2106 1132 2155 torn.
1144 2104 1209 2167 illl,
1220 2104 1266 2166 ni

247 2203 311 2280 600
336 2202 493 2304 [Passio]
520 2212 675 2281 sanctae
711 2201 925 2280 Columbae
959 2200 1123 2300 virginis
1157 2199 1233 2301 (fol.

296 2335 431 2412 6660.0

249 2470 312 2548 610
338 2340 445 2569 [Vita]
470 2475 624 2546 sanotae
654 2467 932 2569 Euphrosynae
962 2465 1126 2566 virginis
1165 2464 1240 2564 (iol.

298 2602 436 2691 6150).0

250 2731 313 2815 660
340 2732 469 2809 Passio
487 2741 642 2810 sanctae
660 2732 844 2809 Martinae
862 2730 1025 2829 virginis
1042 2738 1082 2807 et
1101 2727 1266 2828 martyrii

300 2862 549 2953 61506600).0

251 2993 315 3071 630
341 2995 424 3073 Vita
441 2997 564 3074 sancti
584 2994 778 3072 Simeonis
792 2993 868 3092 (fol.
885 2991 1133 3090 6600666οΥ.

186 3127 294 3180 Scilicet
305 3129 413 3181 initium
427 3135 455 3181 et
467 3128 539 3190 finis,
551 3129 744 3193 praetermissa
756 3127 846 3181 media
859 3132 947 3193 parto.

186 3225 241 3276 lnc.
255 3226 617 3280 Sancinerecordntionia
630 3226 737 3279 deuius
746 3227 875 3289 Simeon,
886 3226 975 3290 mnus
985 3224 1191 3290 depositionis
1200 3224 1266 3276 dicu

153 3322 356 3390 celebramur,
370 3325 460 3390 filius
471 3324 536 3392 fuit
547 3327 714 3390 cujusdam
725 3326 849 3379 Hisicii.

251 3421 316 3498 660
333 3422 488 3524 [Passio]
502 3430 656 3501 sanctae
670 3423 817 3501 Maurae
835 3423 996 3523 virginis
1022 3420 1101 3521 (fol.
1124 3420 1266 3498 6660-60

188 3556 282 3607 Passio
294 3568 350 3607 una
363 3569 424 3607 cum
438 3557 628 3622 translatione,
643 3558 687 3610 ed.
700 3559 765 3611 Act.
779 3557 837 3623 SS„
848 3556 882 3608 ad
903 3555 1147 3620 d.oJan.‚tom.1,
1161 3570 1189 3621 p.
1203 3555 1266 3608 5255

157 3653 190 3704 tis
203 3653 367 3707 lectionibus
375 3656 553 3710 variantibus.

252 3752 316 3829 650
333 3752 488 3854 [Passio]
506 3757 627 3832 sancti
646 3756 790 3833 iuliani
809 3754 1004 3856 martyris,
1031 3762 1119 3830 vrr1⁰
1137 3752 1231 3832 idus
1252 3757 1266 3855 j

301 3886 363 3980 rii,
397 3886 438 3961 in
457 3885 521 3964 die
540 3889 772 3989 epiphaniae
790 3887 867 3988 (fol.
889 3884 1137 3986 cam-mut*

253 4016 317 4095 660
334 4018 410 4119 [Del
429 4029 562 4098 sancto
580 4021 687 4098 Alexi
705 4020 781 4118 (fol.
804 4017 1047 4112 233⁹-235‘).*

254 4147 317 4225 670
334 4148 388 4225 De
406 4156 536 4226 sancta
566 4150 732 4252 Pelagia,
752 4176 819 4229 v111
851 4149 941 4228 idus
968 4148 1147 4227 octobris
1179 4152 1210 4249 (f
1235 4152 1262 4227 l.

302 4277 413 4377 6370).

189 4408 304 4462 Auctore
316 4411 417 4464 iacobo
430 4412 554 4477 diacono,
569 4415 613 4467 ed.
635 4416 698 4468 Act.
712 4416 769 4480 SS„
792 4415 865 4470 add.
887 4419 904 4471 8
924 4418 993 4481 Oct,
1011 4421 1078 4470 tom.
1105 4418 1148 4481 lv,
1163 4424 1194 4483 o.
1220 4419 1266 4471 26!

158 4507 300 4572 paululum
313 4510 466 4564 immutato.
