3076 5498
149 322 195 387 22
492 331 619 383 esaan.
639 331 741 381 cono.
762 330 937 381 simoen.
957 330 1037 382 aar.

147 504 385 571 contemplativam
398 502 480 556 sitam
490 503 566 568 juxta
582 501 656 567 piam
669 499 825 553 aviditatem
839 499 1011 566 propriorum
1024 500 1145 554 felicium
1159 501 1318 556 animomm¹

149 619 219 674 quos
238 606 319 658 etiam
340 602 479 670 praefatus
491 601 677 655 antiochenae
701 600 778 653 urhis
790 612 858 666 papa
876 600 1008 661 meletius,
1021 614 1139 654 cernens
1159 601 1235 668 pium
1255 602 1318 657 aiios

149 704 242 773 popuii
260 716 324 772 erga
336 703 407 769 illos,
421 701 525 755 vadens
546 699 581 753 ad
594 700 763 767 speluncam,
778 699 841 752 talia
863 700 1019 753 clamitabat
1030 701 1073 753 his
1090 714 1154 755 vere
1168 701 1274 756 beatis:
1290 704 1318 772 Et

149 802 273 869 dimini,
292 800 450 872 fructuosi
466 801 575 853 vineae
596 797 711 853 Christi
727 801 916 864 operatores,
928 799 1098 867 relinquite
1115 813 1268 856 cavernas
1275 816 1318 870 pc

147 916 222 958 rum
242 902 409 969 abditaque
428 902 506 966 loca,
523 902 554 952 et
573 900 777 952 adventantes
794 899 896 953 devoti
912 898 1050 952 stabilite
1065 913 1193 967 pressus
1210 905 1318 956 vestros

148 1003 225 1057 aula
248 1001 315 1068 Dei,
338 1001 472 1054 solidate
491 999 618 1052 animas
641 997 841 1066 infirmantes
860 1010 954 1065 super
972 998 1076 1051 vivum
1094 1012 1132 1054 ac
1149 1000 1318 1056 validissim

148 1100 286 1171 lapidem
300 1099 463 1154 Christum.
484 1099 599 1152 Vosmet
611 1098 693 1150 solas
707 1097 789 1164 ipsos
800 1096 878 1151 velie
888 1099 1020 1166 salvari,
1028 1099 1195 1166 piprorum
1213 1104 1261 1154 est
1273 1115 1318 1168 opt

149 1203 272 1258 riarum
292 1213 384 1268 opus,
396 1200 434 1252 dc
451 1197 533 1251 achis
550 1197 625 1251 sotis
647 1209 699 1250 vos
712 1209 824 1250 curam
844 1210 961 1263 perere,
976 1211 1085 1253 nocere
1104 1201 1150 1252 est
1168 1201 1318 1267 proximis

149 1300 226 1356 sotis
238 1299 320 1354 mais
329 1297 403 1352 estis
412 1296 472 1350 soli
482 1296 559 1355 noti,
571 1296 647 1349 sotis
660 1295 743 1348 vobis
754 1298 784 1348 et
796 1296 956 1363 amputet,
965 1297 995 1349 si
1005 1297 1082 1350 sotis
1091 1297 1175 1351 echis
1184 1298 1258 1352 estis
1267 1299 1318 1353 ahs

150 1398 360 1467 temptatione,
374 1395 456 1451 vobio
475 1395 551 1450 sotis
563 1397 593 1447 et
610 1394 790 1461 mnnimen;
802 1395 831 1448 si
844 1394 926 1449 vohis
937 1395 1015 1448 sotis
1024 1409 1126 1449 semen
1139 1397 1214 1450 estis
1225 1401 1255 1451 et
1266 1398 1318 1466 spi

146 1499 225 1553 sotis
236 1497 318 1552 vohis
330 1498 360 1550 et
378 1494 552 1563 apothecae,
567 1495 601 1548 in
617 1492 704 1561 fame
720 1506 783 1546 non
800 1493 997 1560 sufficientes.
1016 1494 1157 1549 Christus
1173 1509 1236 1551 non
1249 1510 1318 1566 prop

148 1597 348 1665 semetipsum
360 1595 537 1663 crucifissus
550 1597 605 1657 est,
618 1593 672 1647 sed
684 1596 719 1646 ut
734 1594 915 1648 innumeros
929 1594 1062 1662 efficeret
1074 1596 1177 1649 salvos
1188 1613 1197 1663 ;
1210 1597 1318 1650 imitar

149 1710 223 1764 erpo
237 1695 370 1763 oestipia
379 1696 458 1760 epus
468 1693 514 1746 En
524 1693 782 1760 quemadmodum
785 1694 989 1760 paralyticus
998 1694 1040 1746 ad
1056 1693 1212 1749 Christum
1224 1699 1318 1762 quoru

145 1811 207 1867 per
219 1798 332 1850 tectum
343 1793 502 1862 depositus
513 1795 567 1857 est,
581 1792 628 1845 ita
641 1805 724 1844 nnnc
736 1792 848 1846 civitas
861 1792 947 1846 intra
968 1793 1083 1847 limites
1096 1794 1183 1847 urhis
1200 1795 1318 1850 descem

150 1901 187 1952 ut
202 1895 360 1952 Christum
371 1894 538 1962 quendam,
549 1906 637 1947 secus
646 1892 730 1946 viam
742 1893 865 1946 sedente
877 1905 966 1947 caeco
978 1896 1009 1946 et
1020 1893 1102 1948 hunc
1114 1894 1177 1962 fide
1187 1908 1226 1949 ac
1238 1909 1308 1950 uoce

150 1999 291 2064 coeptum
312 1995 373 2048 iter
385 2005 539 2061 perapere
546 1991 739 2059 prohibente,
748 1993 888 2059 populus
906 1992 1144 2060 ammirabantur,
1163 1994 1208 2049 sic
1224 1996 1314 2050 modo

151 2094 234 2151 adiit
250 2091 537 2162 poputus,satoari
551 2105 612 2159 per
637 2105 689 2144 cos
710 2092 849 2158 cupiens.
876 2092 1063 2160 confirmate
1085 2093 1318 2160 pusillanimiter

151 2206 267 2261 eorum,
280 2193 428 2247 curantes
443 2191 573 2243 illorum
591 2189 815 2257 aepritudines.
839 2192 910 2243 ilaec
930 2192 1072 2244 audientes
1084 2194 1273 2260 magnanimes
1285 2196 1318 2246 mi

152 2293 210 2359 liei,
223 2291 301 2361 quasi
315 2290 363 2343 tilii
373 2291 441 2357 patri
455 2289 642 2357 oboedientes,
656 2290 742 2342 secuti
756 2296 821 2342 sunt
833 2290 1012 2355 patriarcham
1025 2291 1179 2358 meletium3
1193 2297 1220 2345 et
1232 2301 1310 2346 crant

152 2394 245 2447 animo
265 2391 294 2443 in
308 2389 422 2444 eeclesia
436 2390 520 2456 pratia
535 2394 562 2442 et
581 2389 715 2455 sapientia
727 2389 901 2455 proficientes
915 2389 987 2456 apud
1009 2393 1092 2444 iteum
1113 2397 1141 2444 et
1153 2391 1225 2458 apud
1247 2394 1318 2448 homi

152 2492 369 2559 aliquantovero
378 2493 517 2542 transacto
531 2494 662 2554 tempore,
676 2501 800 2540 summus
814 2487 938 2550 Basilius,
952 2489 1033 2540 levita
1045 2496 1230 2551 consecratus,
1243 2492 1279 2544 ad
1290 2495 1318 2545 Ca

154 2603 230 2644 ream
242 2602 370 2643 reuersus
390 2591 432 2641 est
453 2589 599 2653 civitatem,
621 2592 648 2640 et
669 2588 800 2640 remansit
822 2588 1028 2654 chrysostomus
1047 2589 1188 2642 iohannes
1205 2590 1246 2642 tir
1267 2593 1318 2644 tion

155 2698 185 2745 ut
196 2702 343 2744 remanens
356 2701 412 2741 non
425 2688 514 2740 solum
527 2688 618 2741 terens
630 2700 701 2740 onus
713 2687 787 2740 socio
799 2700 849 2740 suo
862 2687 1024 2755 disjunctus,
1038 2694 1065 2741 at
1076 2690 1181 2743 socium
1194 2692 1288 2744 oneris
1305 2693 1318 2744 n

153 2790 272 2845 obtinuit
280 2789 417 2853 salute[m]
424 2787 540 2855 populus
547 2800 640 2855 egens.
650 2786 896 2840 Videbaturautem
903 2793 997 2840 sancto
1005 2789 1318 2856 viroChrysostomotoh

153 2889 267 2944 arbitrio
279 2901 329 2941 suo
349 2887 423 2955 quod
445 2901 502 2940 non
521 2886 729 2941 sufficerentilli
749 2886 857 2940 labores
875 2892 982 2940 tantum
1002 2901 1072 2954 quos
1092 2889 1120 2941 in
1141 2891 1211 2944 urbe
1233 2892 1318 2945 feren

150 2992 321 3058 juventutem
342 2986 469 3054 propriae
498 2987 588 3039 carnis
608 2985 800 3054 edomandam,
829 2987 951 3040 sentiens
972 2987 1081 3041 firmum
1103 3002 1212 3055 semper
1238 2991 1272 3044 ad
1293 3004 1318 3044 ot

154 3090 277 3143 animum
290 3101 379 3141 suum.

186 3187 218 3241 8.
236 3184 425 3241 Animadverte
437 3190 537 3251 autem,
550 3185 699 3248 carissime,
713 3186 776 3239 nuic
796 3185 953 3239 beatissimo
964 3187 1081 3240 iohanni
1099 3188 1151 3243 hoc
1171 3200 1283 3255 quoque
1307 3204 1318 3256 1

159 3289 252 3342 stitum
273 3285 421 3353 essequod
433 3285 560 3337 eunucho
572 3285 696 3350 Aethiopi
708 3298 867 3338 concessum
882 3287 909 3337 in
926 3286 1115 3352 apostolorum
1133 3287 1244 3340 Actibus
1261 3288 1318 3357 tegi:

156 3384 297 3453 Quomodo
309 3385 382 3437 enim
405 3383 702 3437 illicclementissimus
722 3385 867 3450 praestitor
887 3386 967 3450 Deus,
981 3385 1143 3451 praevidens
1163 3387 1318 3453 quoniami

156 3484 299 3539 eunuchus
310 3488 403 3550 egeret
415 3483 590 3545 instructore,
610 3481 761 3548 Philippum
775 3482 800 3534 ei
814 3481 921 3550 direxit,
936 3483 973 3535 ita
994 3483 1047 3545 hic,
1061 3484 1151 3536 sciens
1163 3486 1206 3550 pia
1224 3491 1318 3539 votas

155 3584 289 3638 iohannis
300 3595 333 3636 ex
345 3582 441 3635 intimo
453 3582 544 3634 cordis
555 3582 624 3649 ejus,
637 3581 726 3634 virum
744 3581 828 3647 syrae
846 3583 954 3649 linguae
967 3584 1161 3649 peritissimum
1174 3597 1225 3637 nec
1247 3599 1316 3652 expe

155 3695 269 3752 graecae
280 3681 422 3734 doctrinae
444 3681 636 3733 destinavitad
657 3682 854 3735 Antiochenam
875 3682 1021 3749 civitatem,
1034 3683 1173 3750 quoddam
1194 3696 1264 3750 opus
1285 3687 1318 3739 ihi

157 3781 313 3834 habentem.
326 3780 408 3847 Cujus
427 3792 578 3847 agnoscens
598 3779 746 3833 adventum
760 3779 949 3831 sanctissimus
968 3780 1118 3845 iohannes,
1133 3794 1183 3834 nec
1200 3780 1234 3834 ad
1249 3785 1318 3836 mod:

156 3879 298 3947 pigritans,
311 3890 378 3943 non,
392 3877 623 3944 quemadmodum
641 3878 768 3942 aethiops
779 3884 883 3944 egerat,
897 3878 1010 3944 expetiit
1021 3879 1055 3932 ad
1068 3892 1097 3932 se
1109 3881 1203 3933 venire
1215 3882 1316 3947 syrum

155 3977 302 4046 diiigenter
314 3977 458 4043 inquirens
470 3977 498 4030 in
510 3990 565 4044 quo
582 3976 642 4031 loco
654 3983 729 4030 esset
740 3983 768 4031 et
779 3990 956 4046 cognoscens,
968 3979 1035 4031 adiit
1046 3993 1119 4044 eum,
1129 3993 1227 4034 suasus
1239 3995 1256 4034 a
1268 3997 1318 4050 quc

155 4076 297 4143 sapiente:
311 4075 344 4129 Si
355 4075 473 4129 vr'deris
489 4057 660 4144 sensatum,
674 4076 788 4144 eripite
807 4079 850 4131 ad
863 4079 957 4131 illum
974 4081 1004 4131 et
1015 4080 1136 4146 prades
1154 4080 1308 4134 ostiorum

154 4178 279 4231 enterat
286 4188 344 4244 pes
357 4176 440 4228 titus.
451 4178 483 4228 ut
494 4175 559 4228 satis
571 4175 625 4243 egit
637 4190 685 4242 per
697 4190 801 4230 annum
811 4183 907 4239 totum,
919 4179 1050 4232 librorum
1061 4181 1238 4234 iiosaicorum
1252 4187 1280 4235 et
1292 4197 1318 4236 e<

155 4289 226 4343 quac
239 4289 255 4329 a
267 4275 406 4342 prophetis
418 4272 491 4326 dicta
513 4279 577 4326 sunt
588 4281 690 4328 certam
703 4281 730 4329 et
751 4275 857 4330 firmam
870 4279 1009 4345 virtutem,
1023 4280 1135 4347 dignum
1147 4280 1254 4334 seilicet
1267 4283 1318 4336 inu

154 4381 223 4441 tum,
236 4376 270 4428 ab
283 4372 465 4436 condiscens,
478 4377 617 4440 tamquam
627 4374 737 4443 pinguis
749 4389 781 4429 ac
794 4376 891 4430 fertilis
904 4378 986 4431 telius
996 4378 1194 4444 multiplicabat
1205 4393 1305 4436 semen

151 4475 282 4543 laentum
296 4477 337 4527 est
348 4473 377 4525 in
387 4473 472 4539 ipsius
485 4486 609 4539 sensum,
623 4479 652 4527 et
663 4481 761 4528 cuncta
774 4476 878 4530 ratione
888 4478 1053 4543 competenti
1066 4485 1159 4532 mente
1168 4493 1219 4533 sua
1238 4482 1318 4551 dispo

154 4576 250 4644 agebat
269 4574 360 4638 nimis,
373 4574 435 4642 plus
447 4587 529 4642 quam
551 4576 585 4630 ah
599 4577 709 4631 immine
729 4578 852 4643 quolibet
863 4579 998 4632 insistitur
1018 4581 1097 4633 horto
1115 4583 1269 4646 composito
1295 4597 1318 4639 ei
