3082 5498
234 357 330 407 arou.
349 357 432 409 retr.
452 359 568 409 raam.
586 379 631 389 -
648 359 801 408 arendo.
820 359 867 408 au
884 359 961 409 cop.
981 357 1071 409 iscar.
1211 343 1274 409 291

143 527 255 591 ipsamm
277 527 416 595 galearum
438 528 555 596 plurima
576 536 762 595 armamenta;
783 529 905 597 rugiebat
926 528 1022 582 aether
1045 531 1074 582 in
1096 531 1277 583 tonitruorum

131 625 198 677 ribus
216 626 328 679 odiosis.
348 630 442 680 llostra
464 628 546 694 igitur
566 628 673 696 navigia
694 630 799 682 incerto
821 629 924 696 remige
946 642 1020 681 nunc
1042 630 1095 681 buc
1116 642 1191 681 nunc
1212 628 1278 681 illue

131 732 220 791 antur,
235 732 261 778 et
273 732 382 780 noctem
396 728 470 780 illam
484 733 511 780 et
523 727 592 781 duos
604 728 663 780 dies
676 734 824 795 sequentes
836 741 897 781 cum
920 728 1006 781 altera
1018 734 1098 781 nocte
1116 728 1280 781 intermedia

131 837 189 876 ones
208 823 340 878 duximus
360 826 421 879 sine
442 826 505 879 cibo
527 833 554 885 et
576 832 650 893 potu,
665 827 700 880 de
721 834 809 880 morte
832 833 925 880 nostra
949 827 1077 880 timentes
1098 828 1281 893 potiusquam

134 928 188 976 ntes
207 922 242 976 de
261 925 326 978 vita.
349 926 477 978 Excussis
504 927 585 993 igitur
611 927 758 993 remigibus
787 931 813 979 et
834 926 947 979 firmatis
970 927 1117 990 tbemonis,
1140 926 1279 994 llorganio

131 1035 157 1075 to
175 1023 263 1088 perito
286 1029 368 1076 nauta
391 1025 473 1077 nimis
495 1025 609 1078 tirmiter
624 1027 706 1095 ligato
724 1026 757 1078 ad
770 1026 888 1091 clavum,
902 1025 1146 1092 advesperascente
1155 1025 1212 1090 jam
1224 1025 1279 1093 die,

131 1123 227 1188 eipsae
241 1124 309 1176 dum
330 1137 414 1193 vagae
434 1126 654 1192 periclitarentur
666 1128 788 1179 marinos
810 1125 883 1178 inter
896 1125 1005 1190 fluctus,
1019 1125 1277 1192 supervenientibus

131 1224 273 1276 stenebris
286 1223 441 1291 duplicatis,
456 1227 490 1278 ab
503 1227 619 1278 invicem
637 1226 757 1278 violento
776 1225 893 1278 divortio
911 1229 1088 1294 segregantur
1109 1224 1193 1277 multa
1206 1237 1281 1278 acer-

131 1328 366 1388 eventorum3et
386 1325 472 1377 altera
493 1324 579 1392 galea,
598 1324 672 1376 illam
693 1325 721 1376 in
743 1338 796 1391 qua
818 1338 892 1377 eram
913 1324 1088 1390 praecedens,
1110 1324 1139 1375 in
1160 1309 1281 1389 potentia

131 1421 219 1472 estatis
231 1420 374 1485 adversae,
388 1423 453 1475 dum
464 1422 548 1476 multa
561 1423 718 1490 fatigatione
731 1435 781 1487 per
794 1435 868 1474 mare
883 1422 1059 1487 discurreret,
1073 1435 1148 1475 nunc
1160 1421 1281 1488 obliqua,

146 1522 256 1583 recta,a
281 1520 360 1573 nobis
383 1521 527 1588 disparuit,
541 1534 604 1573 vere
625 1521 784 1587 putantibus
805 1521 890 1586 ipsam
914 1520 997 1572 maris
1013 1520 1132 1573 hiatibus
1154 1519 1280 1586 periisse.

139 1631 200 1670 vero
213 1618 242 1670 in
255 1631 310 1686 qua
323 1632 398 1672 eram
411 1619 515 1688 galeam
532 1620 597 1673 dum
615 1621 780 1687 dirigeretur
791 1624 884 1672 coacta
902 1619 935 1671 ad
953 1620 1080 1684 Africam,
1094 1632 1164 1686 quae
1181 1619 1281 1686 Lydiae

130 1730 153 1768 rr
164 1719 303 1785 Barbaria,
317 1720 389 1773 cirea
402 1721 518 1786 primam
531 1721 669 1775 secundae
690 1722 778 1774 noctis
790 1720 919 1788 vigiliam,
939 1719 1040 1773 fluviali
1058 1734 1140 1774 cursu
1152 1721 1209 1774 sive
1218 1733 1278 1774 cur·

141 1829 155 1868 a
172 1819 264 1870 nautis
284 1818 432 1886 vulgariter
451 1824 620 1885 nuncupato,
633 1821 725 1886 arbor,
744 1825 774 1872 ut
793 1818 925 1884 creditur,
944 1819 1055 1872 alterius
1075 1819 1140 1873 alibi
1159 1819 1281 1872 dissutae

131 1927 153 1978 c,
166 1929 201 1968 ex
212 1920 371 1970 transverso
383 1919 510 1981 veniens,
524 1931 607 1971 cursu
620 1931 670 1972 suo
682 1918 828 1972 dissuisset
839 1923 865 1971 et
877 1918 1054 1986 confregisset
1065 1918 1094 1970 in
1112 1923 1212 1984 partes,
1225 1917 1279 1970 nisi

131 2012 199 2064 relidi
212 2013 357 2080 cujusdam
369 2014 551 2069 adolescentis
564 2017 686 2082 dextera,
700 2017 747 2082 qui
765 2030 827 2069 cum
847 2016 930 2068 clavis
949 2022 1054 2068 rectore
1072 2029 1154 2081 supra
1172 2016 1279 2083 galeam

136 2112 268 2168 obviasset
279 2128 342 2168 eum
360 2128 446 2181 remo,
461 2130 521 2169 eum
539 2117 595 2182 jam
614 2129 711 2169 omnes
729 2116 797 2181 fere,
811 2116 922 2168 ducenti
941 2115 1139 2182 quinquaginta
1152 2127 1278 2180 numero,

131 2213 233 2266 laudato
254 2215 360 2280 patroni
381 2215 416 2268 ad
429 2216 483 2268 ima
504 2215 741 2269 descendissemus
760 2215 864 2283 galeae,
878 2215 963 2281 portis
984 2215 1141 2267 indistincte
1154 2213 1276 2277 firmatis,

131 2311 285 2366 odebilem
305 2313 478 2381 signantibus
499 2315 664 2369 ultimatum.
679 2315 806 2368 bolebam
828 2328 911 2381 super
933 2326 1030 2367 omnes
1051 2328 1107 2367 non
1128 2315 1276 2378 modicum,

137 2415 229 2465 statum
248 2418 374 2466 nostrum
395 2414 488 2467 multis
510 2415 662 2468 involutum
681 2415 837 2468 turbinibus
855 2415 1045 2480 conspicerem
1062 2414 1170 2467 concuti
1190 2413 1278 2466 valida

131 2514 221 2576 estate,
234 2517 262 2564 et
275 2525 331 2565 non
351 2513 447 2566 leviter
468 2514 609 2582 pungebar
631 2514 658 2566 in
680 2514 763 2566 tantis
774 2514 907 2581 angustiis
920 2513 1055 2566 anxietate
1067 2513 1192 2580 spiritum
1204 2511 1279 2565 colli·

131 2620 147 2671 e,
162 2609 225 2664 dum
239 2611 320 2664 vitam
334 2617 455 2665 nostram
468 2613 497 2665 in
510 2619 564 2665 tam
578 2613 661 2666 vicini
674 2613 833 2666 discrimine
845 2613 971 2665 interitus
984 2614 1126 2666 manifesto
1137 2624 1279 2666 cernerem

131 2705 202 2761 libilis
222 2712 318 2763 mortis
338 2712 458 2777 periculo
480 2713 632 2779 subjacere.
647 2713 780 2765 continue
797 2725 861 2764 vero
879 2711 1012 2777 capellani
1031 2711 1085 2764 moi
1101 2717 1127 2765 et
1147 2724 1197 2779 ego
1210 2710 1278 2777 psal-

131 2806 162 2873 lis,
174 2808 284 2862 letaniis
304 2814 332 2862 et
349 2811 519 2864 orationibus
539 2813 712 2865 vacabamus.
726 2811 778 2864 Sed
789 2812 846 2877 jam
866 2810 911 2863 die
929 2811 1055 2877 sequenti
1075 2824 1186 2863 cursum
1198 2810 1279 2863 decli-

131 2907 192 2959 ead
217 2921 330 2974 nonam,
351 2917 483 2974 patronus
504 2910 538 2963 ad
559 2925 603 2963 me
625 2911 707 2976 venit,
729 2924 791 2963 cum
816 2910 924 2962 fletibus
945 2911 1076 2961 nuntians
1100 2908 1280 2962 infallibiliter

131 3013 190 3060 rento
203 3010 352 3074 perituram
366 3010 480 3074 galeam,
495 3011 547 3061 nisi
562 3011 725 3063 miraculose
747 3009 853 3062 bonitas
867 3009 959 3061 divina
972 3015 1121 3074 succurrat,
1135 3022 1196 3061 cum
1208 3007 1279 3061 ultra

131 3116 195 3157 arum
211 3108 307 3171 peritia
320 3108 389 3160 nibil
402 3111 497 3174 possit,
510 3112 680 3176 subjungens
693 3116 722 3161 ut
734 3109 847 3175 quilibet
861 3107 895 3160 de
913 3109 1000 3160 salute
1021 3109 1129 3160 animae
1141 3109 1280 3175 cogitaret.

131 3215 242 3258 somnes
263 3208 366 3272 pariter
388 3209 415 3260 in
436 3223 517 3262 voces
538 3216 633 3261 tenues
649 3214 777 3261 aestuans
799 3214 922 3260 nostmm
944 3207 1110 3259 desiderium
1132 3208 1281 3260 sonoritate

131 3303 179 3356 lida
192 3306 370 3370 resolventes,
385 3309 602 3361 misericordiam
615 3309 819 3373 postulabamus
837 3306 871 3359 de
892 3306 978 3369 caelo,
991 3307 1068 3359 duris
1080 3307 1283 3359 incussionibus

131 3400 204 3456 efaeti.
220 3406 273 3471 Ego
287 3410 376 3457 autem
391 3407 419 3457 in
432 3419 538 3458 summa
552 3405 651 3458 fiducia
665 3405 812 3457 dilectricis
825 3404 951 3465 dilectae,
965 3404 1040 3456 flexis
1050 3405 1175 3472 genibus,
1188 3404 1283 3456 levatis

131 3512 184 3552 eum
198 3504 337 3568 manibus,
351 3505 436 3568 ipsam
459 3506 589 3558 invocans
611 3505 777 3557 dilectricem
796 3503 899 3556 crebris
914 3503 1159 3568 supplicationibus
1171 3504 1198 3554 in
1218 3502 1281 3556 lietu

131 3602 219 3666 trimis,
233 3611 295 3669 post
308 3610 398 3657 votum
421 3619 483 3657 cum
506 3605 650 3658 devotione
669 3607 809 3667 emissum,
824 3617 916 3657 amaro
938 3604 1158 3677 compunctionis
1170 3605 1282 3670 gemitu,

131 3698 213 3753 tractis
225 3703 318 3755 verbis
330 3707 357 3755 et
371 3704 511 3757 humiliato
525 3705 621 3769 spiritu
636 3703 770 3769 postulavi
783 3709 813 3755 ut
827 3716 883 3756 non
904 3704 1007 3755 sineret
1025 3703 1114 3768 perire
1127 3706 1165 3755 tot
1177 3701 1283 3756 animas

131 3812 151 3850 ex
163 3801 212 3852 bac
226 3802 288 3853 luce
301 3802 418 3869 migrare
434 3808 486 3854 tam
502 3803 665 3867 improvisae
686 3802 782 3854 mortis
794 3802 878 3853 calice
892 3814 938 3867 per
951 3814 1001 3852 nos
1014 3805 1133 3867 sumpto,
1147 3801 1195 3853 sed
1209 3801 1283 3852 illam

131 3911 135 3947 ;
149 3899 269 3951 divinam
283 3899 458 3953 clementiam
472 3902 631 3966 impetraret
647 3914 718 3967 quae
730 3901 917 3965 apostolorum
931 3899 1083 3965 principem
1096 3899 1283 3952 ambulantem

134 3999 222 4052 ctibus
235 4013 271 4052 ne
283 4007 452 4067 mergeretur
472 4002 560 4053 erexit
580 4007 606 4053 et
619 4001 807 4066 coapostolum
826 4001 885 4066 ejus
897 4000 1010 4052 Paulum
1025 4001 1103 4053 tertio
1123 4001 1284 4067 naufragan-

131 4098 155 4149 le
168 4098 308 4162 profundo
322 4099 408 4165 pelagi
421 4100 557 4161 liberavit,
572 4099 685 4165 ipsaque
704 4109 754 4163 pro
774 4112 802 4150 se
815 4102 841 4151 et
853 4099 972 4151 barcilio
991 4099 1114 4164 principe
1126 4099 1284 4151 Provinciae

131 4198 219 4268 travit.
234 4199 264 4248 El
277 4211 341 4250 ecce
354 4198 443 4251 subito
453 4206 550 4251 ventus
562 4200 663 4251 africus
676 4198 790 4250 invaluit
803 4203 829 4249 et
842 4211 874 4249 ex
893 4198 989 4250 colatis
1002 4198 1122 4251 nubibus
1135 4199 1285 4250 immensae

131 4309 163 4348 ae
173 4294 388 4360 diffunduntur,
402 4298 479 4363 cujus
492 4310 574 4349 causa
597 4297 741 4361 placantur
762 4296 858 4358 maria,
872 4297 1018 4361 quieseunt
1039 4296 1145 4359 ductus
1160 4301 1188 4347 et
1205 4295 1285 4348 nobis

131 4394 256 4455 antibus,
272 4408 286 4446 a
303 4397 397 4448 mortis
419 4397 524 4462 laqueis
543 4398 599 4463 jam
621 4396 729 4460 erectis,
743 4397 842 4460 spiritu
861 4397 1070 4449 confortationis
1092 4400 1242 4459 assumpto,
1256 4395 1285 4445 in

138 4505 238 4545 eorum
252 4496 365 4559 planitie
378 4495 567 4549 blandiuntur.
582 4496 625 4548 Sic
637 4509 702 4548 vero
716 4495 830 4548 invaluit
843 4495 889 4548 ille
901 4501 1010 4560 ventus,
1024 4494 1182 4546 discrimine
1195 4498 1286 4545 tamen

131 4593 241 4647 ulorum
263 4594 388 4660 abvulso,
401 4594 475 4661 quod
497 4595 672 4648 retrocedere
694 4607 745 4647 nos
767 4595 855 4662 coegit
875 4593 909 4647 ad
927 4581 1035 4660 portum
1048 4593 1163 4646 civitatis
1181 4592 1288 4658 llnevdi
