3082 5498
392 343 489 393 suun.
508 342 733 393 1111111111.
753 343 968 394 -11111111,
987 344 1034 392 nn
1052 343 1130 393 oon.
1151 341 1243 393 11111.
1356 327 1416 394 141

208 509 460 564 remunerationibus
477 511 638 565 auctoritate
659 512 728 579 ejus,
741 525 823 578 quem
845 513 927 579 paulo
947 518 1011 566 ante
1032 512 1214 566 insatiabilem
1237 512 1329 578 lupum
1344 527 1422 580 prae·

205 608 368 676 signavimus,
381 607 547 675 inviderent,
562 609 750 664 fraudulenter
770 611 882 678 quidam
904 610 993 679 iniqui
1011 613 1072 678 uiri,
1086 611 1243 678 cupiditatis
1260 617 1287 665 et
1298 612 1422 665 invidiae

204 708 258 761 telis
268 712 357 763 mente
372 709 506 775 percussi,
519 708 592 762 beati
615 709 761 764 ilildeuerti
784 712 966 776 praesentiam
987 710 1125 775 adierunt,
1138 711 1238 765 obnixe
1252 713 1422 778 postulantes

202 809 320 873 quatinus
331 809 361 861 in
374 808 442 862 atrio
455 807 610 874 praedictae
624 808 753 862 basilicae
765 809 846 863 aliam
860 811 899 863 eis
911 811 1006 864 liceret
1016 809 1170 875 aeuiucare,
1181 811 1283 864 trustra
1295 815 1422 878 putantes

154 913 180 963 5
205 906 282 962 aliena
304 921 368 962 sese
388 908 507 974 propriis
526 909 623 961 usibus
643 909 756 974 impune
775 921 854 974 posse
870 909 1018 962 vindicare.
1033 909 1110 964 Unde
1124 910 1435 978 etcontigittemplum
1510 966 1516 977 ,

203 1010 319 1063 arandae
338 1007 430 1063 studio
452 1007 626 1062 aedificatum
647 1008 830 1063 dedicationis
850 1008 923 1061 diem
945 1013 1024 1062 nocte
1037 1010 1217 1075 praecedente
1231 1010 1354 1064 funditus
1366 1023 1423 1064 cor-

202 1109 289 1177 ruisse,
302 1115 341 1175 et,
354 1113 385 1163 ut
397 1112 536 1174 putamus,
549 1107 641 1161 divina
655 1108 903 1162 animadversione.

229 1209 346 1273 ’1011111
368 1208 471 1261 iactum
492 1220 613 1262 cernens
632 1208 731 1261 beatus
753 1207 935 1272 llildevertus‚
948 1207 1047 1260 timore
1067 1209 1226 1273 perterritus
1238 1213 1320 1275 atque
1333 1210 1424 1275 paeni-

197 1309 277 1361 tentia
288 1308 398 1372 ductus,
408 1307 483 1374 quod
492 1306 675 1361 metandorum
685 1306 870 1374 adquievisset
879 1307 1112 1374 suggestionibus,
1122 1309 1214 1361 omnia
1224 1322 1294 1375 quae
1306 1309 1424 1362 babebat

135 1405 173 1457 to
194 1405 326 1473 vendidit,
345 1406 490 1473 pretioque
510 1419 607 1460 eorum
628 1406 759 1472 orphanis
779 1408 807 1458 et
827 1404 919 1458 viduis
939 1405 1093 1472 ceterisque
1114 1407 1280 1472 pauperibus
1301 1412 1421 1475 erogato,

192 1504 304 1558 demum
316 1507 430 1558 liomam
444 1517 570 1572 pergens,
585 1504 721 1558 Boneiacil
742 1515 828 1570 papae
848 1505 1031 1569 praesentiam
1052 1503 1129 1568 adiit,
1143 1509 1169 1558 et
1182 1505 1210 1557 in
1225 1504 1340 1558 veritate
1360 1519 1423 1559 con·

189 1603 284 1657 tessus
294 1617 406 1658 omnem
420 1605 459 1657 rei
472 1604 584 1669 seriem,
596 1602 830 1672 quemadmodum
841 1608 920 1670 gesta
932 1607 1014 1670 esset,
1029 1604 1184 1670 paternitati
1202 1605 1262 1670 ejus
1281 1605 1421 1660 indicavit.

188 1705 212 1756 Α
235 1715 291 1770 quo
311 1704 356 1771 pie
378 1708 523 1770 susceptus
547 1708 585 1771 et,
606 1709 637 1757 ut
659 1702 784 1769 decebat,
806 1701 945 1756 caritative
966 1707 1105 1770 tractatus,
1128 1707 1188 1769 post
1210 1703 1424 1758 satisfactionem

187 1806 311 1870 postque
331 1804 477 1857 missarum
489 1803 634 1857 sollemnia
645 1803 807 1869 plerumque
827 1801 861 1854 ab
874 1801 971 1855 eodem
985 1802 1140 1855 tlildeverto
1159 1802 1232 1868 apud
1246 1803 1424 1869 apostolicam

154 1897 290 1954 ussedom
306 1902 451 1970 celebrata,
466 1902 579 1956 lucerna
600 1902 706 1955 bomini
727 1913 809 1967 super
829 1900 1025 1953 candelabrum
1047 1898 1167 1967 ponitur.
1183 1903 1279 1954 Beatus
1296 1901 1424 1956 videlicet

186 1997 369 2054 tlildetertus
381 2014 398 2054 a
410 2000 568 2067 supradicto
579 2013 650 2067 papa
663 1999 807 2054 bonefacio
830 1998 944 2052 mittitur
955 1998 989 2051 ad
1003 1998 1228 2067 praedicandum,
1240 2005 1270 2053 ut
1278 2002 1423 2066 pecuniam

184 2095 281 2150 sibit
291 2100 402 2154 bomino
415 2100 608 2167 peregrinante
622 2099 754 2153 creditam
766 2098 805 2150 sic
818 2102 913 2151 mutuo
926 2096 1113 2165 indigentibus
1126 2098 1279 2166 largiretur,
1294 2100 1423 2166 quatinus

183 2204 338 2252 revertens
364 2201 497 2254 bominus
523 2199 676 2269 augmentis
704 2196 911 2263 multiplicatam
937 2198 1082 2264 reciperet,
1104 2196 1224 2264 implens
1248 2198 1277 2250 in
1301 2212 1333 2253 eo
1357 2200 1424 2254 illud

181 2298 382 2362 evangelicum
397 2315 404 2351 ε
418 2298 513 2366 Eume,
527 2311 615 2352 selue
625 2298 701 2352 bone
712 2300 742 2352 et
749 2298 863 2366 fidelis,
877 2298 952 2364 quia
969 2311 1064 2365 super
1080 2311 1186 2366 pauca
1203 2297 1298 2367 fuisti
1309 2299 1423 2369 ficietis,

143 2378 168 2430 ²⁰
179 2397 297 2455 cupra
307 2399 410 2452 mutto
423 2401 453 2452 te
464 2399 663 2453 couustituum.
676 2400 806 2464 Egressus
819 2399 910 2464 itaque
930 2398 1064 2451 circuibat
1084 2399 1167 2452 urbes
1187 2403 1214 2452 et
1226 2399 1325 2466 oppida
1342 2405 1424 2467 atque

177 2483 287 2561 vium,
298 2511 399 2552 nomen
412 2498 521 2551 bomini
533 2497 699 2565 generaliter
710 2497 879 2550 annuntians
892 2513 899 2548 ε
913 2499 964 2550 boc
982 2498 1117 2564 siquidem
1139 2498 1256 2552 iaciebat
1275 2500 1425 2568 ilierosoly·

177 2589 271 2644 mam
291 2611 378 2665 usque
400 2597 588 2666 progrediens,
607 2599 776 2663 Romamque
799 2602 948 2650 revertens.
968 2599 1105 2651 introiens
1123 2604 1214 2651 autem
1236 2612 1285 2666 per
1305 2601 1426 2668 singulas

174 2674 295 2749 dmltos
313 2697 442 2751 dicebat:
456 2697 529 2751 Pom
549 2695 623 2750 huie
643 2683 759 2763 domui,
768 2709 839 2763 pau
860 2697 1109 2764 ingredientibus
1131 2701 1162 2752 ut
1181 2699 1426 2768 egredientium

173 2772 293 2852 ⁸¹⁹⁰(l11e
303 2795 417 2850 verbum
430 2796 577 2861 incipiens,
590 2796 625 2849 ad
637 2795 721 2849 linem
734 2809 822 2865 usque
842 2797 1007 2863 complebat,
1021 2798 1140 2865 Septimo
1161 2798 1243 2865 igitur
1263 2801 1426 2867 egressionis

135 2869 160 2922 ὅ
174 2879 259 2939 ⁸⁰²2
276 2908 347 2950 anno
360 2898 474 2950 Romam
487 2909 638 2964 regressus,
651 2901 750 2949 cuncta
761 2911 832 2963 quae
845 2904 965 2963 gesserat
978 2910 1063 2962 papae
1077 2897 1170 2950 relert.

219 2978 258 3038 8·
286 2995 349 3047 lnde
372 3009 436 3048 vero
458 2995 607 3048 Galliarum
629 2998 769 3063 regionem
790 3011 852 3049 cum
874 2998 1037 3050 auctoritate
1058 3011 1144 3064 papae
1169 2998 1259 3051 redire
1280 2999 1423 3066 incipiens,

182 3078 320 3147 Del'uenit
331 3094 365 3148 ad
379 3096 470 3149 locum
491 3097 534 3149 1111
557 3110 659 3149 nomen
671 3097 849 3160 La[ti]niacus
861 3099 880 3162 ',
895 3098 988 3164 ibique
1001 3098 1153 3151 monachus
1173 3098 1296 3165 quidam,
1311 3101 1427 3151 l‘urseus
1469 3108 1478 3128 ·

186 3178 319 3258 ι10111111,
341 3197 369 3248 in
389 3197 556 3250 monasterio
576 3196 692 3264 degebat
713 3197 856 3249 sanctitate
878 3199 1050 3263 praecipuus.
1072 3199 1120 3250 Cui
1142 3198 1225 3251 astitit
1247 3197 1427 3264 praecedente

195 3280 281 3344 ¹¹⁰Qle
299 3294 411 3362 angelus
432 3295 538 3348 bomini
561 3309 610 3361 per
629 3297 714 3347 visum
733 3296 829 3349 dicens
843 3312 849 3347 ε
865 3297 1064 3350 Hitdcvertus
1076 3298 1238 3364 episeopus
1253 3309 1346 3350 mune
1357 3310 1426 3349 oen·

156 3364 185 3421 ³⁰
199 3369 289 3444 turn,
307 3397 352 3447 est
372 3395 415 3446 ud
436 3397 483 3460 te;
503 3395 557 3448 cui
576 3407 597 3447 α
617 3394 745 3447 Dorsnno
762 3397 893 3460 peccota
911 3408 1022 3448 noscas
1043 3408 1109 3448 esse
1129 3395 1283 3461 dimisso,·
1305 3398 1334 3448 et
1356 3408 1427 3449 ctum

210 3483 627 3560 τε111111,11111111111111111
639 3507 709 3546 eum
730 3506 799 3546 cum
819 3492 942 3547 bonore.
957 3497 1034 3547 111111
1049 3501 1139 3547 autem
1159 3496 1239 3561 iacto,
1254 3496 1317 3548 dum
1330 3509 1426 3562 perve-

215 3575 287 3640 niStet
297 3591 392 3644 beatus
406 3592 586 3660 ilildeuertus,
600 3593 713 3658 projecit
726 3606 754 3645 se
769 3593 855 3645 sancti
870 3594 962 3645 Fursei
976 3592 1101 3658 pedibus.
1116 3595 1141 3645 ls
1152 3607 1215 3646 cum
1230 3594 1342 3646 vidisset
1353 3594 1427 3660 quod

220 3672 299 3740 lecerat
318 3690 358 3741 vir
379 3696 501 3755 sanctus,
516 3691 570 3742 ruit
591 3691 618 3742 in
642 3690 738 3742 taciem
758 3703 835 3742 suam
856 3695 968 3757 totoque
980 3703 1095 3755 corpore
1107 3691 1165 3743 solo
1179 3692 1317 3744 haerebat.
1332 3694 1428 3743 Exsur-

135 3762 139 3781 ι
219 3787 398 3843 tenuesaumm
411 3789 503 3855 ambo,
520 3789 667 3855 amplexati
690 3795 753 3841 suut
775 3802 804 3841 se
825 3790 940 3841 invicem
963 3794 1043 3855 atque
1064 3788 1225 3843 deosculati.
1239 3792 1315 3842 Tunc
1332 3790 1429 3843 beatus

183 3878 369 3940 iillildeuertus
382 3902 389 3939 ι
404 3889 564 3953 Dominus,
578 3890 676 3955 inquit,
689 3888 846 3941 custodiat
867 3890 895 3939 te
915 3887 954 3940 ull
974 3888 1060 3940 onim
1080 3890 1173 3952 moto,
1187 3888 1344 3942 custodiat
1361 3890 1429 3941 usui-

215 3991 282 4036 tuum
293 3988 379 4039 tuam
404 3987 562 4041 Dominus.
578 3988 626 4039 cui
647 3986 744 4039 beatus
767 3988 883 4037 Furseus
898 4000 905 4036 :
920 3985 1069 4038 Dominus
1087 3986 1245 4039 custodiat
1263 3986 1429 4041 introitum

211 4082 288 4135 tuum
308 4087 337 4138 et
357 4085 477 4139 exitum
499 4089 588 4138 tuum
610 4099 650 4138 eu·
671 4084 726 4139 boc
747 4086 980 4150 monemusque
1002 4083 1035 4135 in
1059 4087 1230 4139 succulum.
1245 4087 1292 4149 Qui
1307 4087 1426 4139 iterum:

209 4182 325 4249 Oportet
345 4188 463 4238 tecum
484 4184 600 4239 bonore
622 4198 646 4240 α,
666 4184 752 4238 nobis
773 4183 894 4249 suscipi
916 4182 1014 4250 nodie,
1038 4184 1113 4249 quia
1133 4188 1163 4237 et
1184 4184 1238 4238 boo
1259 4185 1429 4238 didicimus

200 4283 342 4348 camelino
366 4297 445 4337 voce.
471 4285 537 4337 lnde
560 4298 625 4338 uero
650 4283 829 4337 bleldensium
853 4282 950 4334 urbem
981 4288 1117 4348 repetens,
1140 4285 1262 4348 pervenit
1287 4284 1428 4337 insicum

145 4390 183 4444 40
198 4383 314 4448 septimo
330 4382 387 4436 iere
399 4383 434 4435 ab
446 4384 516 4435 urbe
530 4383 647 4436 miliario
659 4401 666 4448 3
680 4383 727 4436 ubi
741 4381 774 4435 ad
788 4381 967 4433 meridianam
989 4381 1095 4448 plagam
1117 4384 1144 4433 in
1158 4384 1262 4434 bonore
1277 4383 1363 4435 almae
1382 4383 1429 4436 bei

194 4481 341 4550 genitricis
354 4482 496 4535 basilicam
507 4483 562 4548 jam
577 4490 640 4534 ante
654 4483 829 4546 fundaverat,
843 4493 926 4546 quam
944 4485 972 4533 et
990 4481 1047 4546 ipse
1065 4481 1236 4547 episcopatus
1253 4481 1294 4532 sui
1307 4488 1429 4548 tempore

194 4579 337 4633 dedicauit
350 4589 376 4633 et
390 4583 537 4633 missarum
551 4582 696 4634 sollemnia
708 4578 858 4633 celebrauit
877 4579 904 4630 in
922 4592 961 4631 ea.
976 4581 1099 4646 Cumque
1116 4580 1151 4632 de
1171 4580 1297 4631 manibus
1314 4586 1430 4646 guantos

190 4680 372 4745 extraxisset,
386 4681 515 4747 apposuit
527 4693 574 4734 eos
587 4680 665 4734 radio
678 4681 743 4733 solis
755 4685 782 4733 et
794 4678 911 4732 sustenti
923 4685 987 4730 sunt
999 4679 1033 4732 ab
1045 4692 1078 4733 eo
1091 4681 1174 4732 trium
1185 4680 1313 4732 horarum
1323 4680 1427 4745 spatiis.
