3076 5498
296 338 390 388 orsu.
409 336 494 387 nar.
514 335 632 386 revers.
651 355 698 368 -
712 335 868 387 uranum.
889 336 936 386 au
953 334 1033 386 coo.
1055 331 1147 383 roera
1274 317 1338 384 187

148 508 344 574 superinlito
357 514 449 561 mente
461 512 491 560 ut
503 520 553 574 pro
566 520 616 560 suo
629 507 719 560 scelus
739 520 848 560 necnon
870 511 1047 573 parentorum
1071 517 1184 558 suorum
1204 503 1256 556 sub
1270 505 1338 572 J'ugo
1360 479 1362 483 Ι

147 607 250 662 leniuimo
261 608 365 662 bomini
379 620 411 660 ac
420 607 504 674 patris
514 608 599 659 nostri
612 609 641 660 li.
649 621 712 660 eum
723 606 845 661 traderet
853 607 886 658 ad
896 604 1072 659 serviendum
1082 605 1133 657 sub
1143 603 1235 670 specie
1244 603 1339 658 babitu

147 708 255 760 monachili
267 707 296 759 in
309 707 478 760 monasterio
490 706 555 758 almi
568 706 689 772 praesuli
702 708 731 760 G.
744 706 828 759 Nobis
840 718 951 773 quoque
962 716 1137 771 nequaquam
1150 702 1285 756 silendum
1298 707 1340 757 est

146 806 190 873 quid
197 820 253 873 puer
264 808 313 860 iste
325 812 392 860 tunc
401 806 496 872 egerit.
507 806 566 870 Qui,
574 819 635 858 cum
646 811 724 871 pater
733 811 761 857 et
771 808 857 858 mater
865 805 1056 870 siveparentes
1066 803 1125 868 ejus
1134 803 1337 868 mancipassent

130 904 187 958 term
196 907 218 958 iu
228 906 327 960 bomini
341 905 461 970 servitio,
475 905 544 972 fugit
556 911 648 957 mente
660 910 686 956 et
698 917 838 970 corporea
850 903 989 956 consortio
999 903 1123 968 fratrum,
1135 902 1286 968 abiensque
1305 902 1335 955 in

144 1005 248 1059 usuario
258 1004 464 1069 Pictavousi,ibi
478 1010 664 1057 commoratus
673 1003 871 1069 aliquantisper
880 999 1058 1067 diebusapud
1067 1005 1185 1054 castrum
1199 1002 1246 1068 qui
1258 1013 1336 1055 voca·

143 1104 312 1156 mrcamouus.
324 1102 445 1168 Quadam
456 1114 520 1155 vero
529 1101 575 1154 die
585 1101 706 1155 aestivali
715 1107 840 1167 tempore
856 1099 964 1165 accidit,
972 1100 1186 1166 illointempore
1195 1112 1250 1166 quo
1259 1099 1336 1166 pueri

144 1201 350 1257 reladolescenles
367 1202 401 1255 ad
413 1201 601 1269 refrigeranda
620 1214 734 1267 corpora
756 1214 805 1254 sua
823 1205 942 1267 pergunt
959 1201 987 1252 in
1008 1199 1131 1263 numine,
1154 1204 1184 1252 ut
1195 1199 1254 1265 ipse
1267 1211 1337 1265 puer

143 1300 263 1355 (1111111113
276 1303 337 1355 aliis
350 1301 457 1355 coaevis
470 1301 528 1354 suis
540 1300 721 1354 descenderet
734 1301 762 1353 in
773 1301 914 1353 vincenna
935 1299 1050 1352 domine
1069 1299 1103 1352 ad
1117 1298 1336 1366 refrigerandum

140 1412 212 1467 corpus
222 1417 308 1456 suurn.
321 1402 371 1466 Qui
385 1402 450 1454 dum
465 1401 611 1467 lavaretur,
628 1401 745 1466 arripuit
757 1414 820 1453 eum
833 1399 908 1452 unda
920 1399 1043 1453 fluminis
1055 1399 1193 1466 traxitque
1207 1398 1241 1452 ad
1257 1411 1336 1464 prae-

141 1499 206 1564 cipitia
216 1502 296 1554 lunda
309 1505 443 1567 quantum
452 1501 541 1566 jactus
554 1506 595 1552 est
604 1500 713 1565 lapidis.
726 1499 766 1551 ld
779 1500 857 1566 eujus
869 1500 1034 1565 perveniens
1046 1499 1214 1565 praecipitia,
1229 1511 1339 1564 semper

141 1601 229 1666 areius
239 1605 294 1654 erat
307 1599 434 1652 tidueiam
447 1599 552 1651 babens
571 1599 599 1650 in
621 1598 735 1651 domino
754 1603 835 1664 atque
849 1598 876 1649 in
896 1597 1013 1663 praesuli
1033 1609 1083 1650 suo
1104 1598 1133 1650 G.
1152 1599 1219 1649 liam
1230 1596 1340 1651 dicebat

141 1696 282 1763 cordetenus,
296 1709 353 1751 non
363 1698 443 1750 labiis
455 1702 559 1750 motum
574 1713 580 1748 :
594 1698 703 1751 Sancte
720 1696 886 1764 Geauutfe,
896 1697 1012 1761 adiuva
1024 1710 1084 1761 me,
1106 1697 1197 1762 cujus
1208 1696 1338 1751 auaitio

141 1797 249 1851 1111111111(
260 1808 497 1850 sumaesermes
509 1796 647 1849 traditus
667 1808 745 1848 sum.
767 1796 851 1855 daca
871 1795 900 1848 si
920 1795 1070 1850 Dominus
1090 1809 1138 1850 me
1158 1797 1338 1850 extraxerit

141 1893 186 1947 tuis
192 1895 326 1962 precibus
338 1896 378 1949 de
389 1895 448 1948 icto
457 1894 567 1960 abysso
579 1894 635 1961 qui
644 1907 693 1947 nae
704 1894 847 1957 vallavit,
870 1895 993 1948 redium
1013 1895 1055 1947 ad
1073 1895 1175 1949 lacum
1196 1895 1336 1962 sepulcri

141 1991 378 2062 menumquam
390 1994 550 2047 discedam
564 1993 647 2048 abeo
663 1996 726 2047 loco
739 2007 798 2060 quo
813 1996 924 2048 sancta
944 1993 1081 2048 membra
1102 1996 1156 2048 tua
1178 1997 1337 2051 tumulata

141 2095 311 2160 reparant,
327 2094 393 2147 uisi
405 2093 611 2159 subjeccione
621 2094 740 2148 rectori
761 2094 821 2147 toci
839 2093 939 2160 ipsius
960 2096 991 2147 et
1001 2090 1168 2161 fratribus.
1181 2095 1231 2159 Qui
1243 2095 1335 2148 statim

142 2188 240 2246 boninus
251 2208 298 2260 per
311 2194 513 2247 invocationem
527 2193 621 2246 famuli
635 2193 678 2245 sui
690 2194 730 2259 G.,
753 2192 864 2246 devenit
885 2194 942 2259 ipse
962 2206 1031 2258 puer
1044 2193 1072 2246 in
1094 2194 1215 2261 quodam
1227 2193 1288 2247 loco
1306 2195 1336 2247 in

144 2285 183 2352 ipsa
191 2305 248 2360 aqua
260 2296 288 2346 in
300 2299 405 2358 monte,
415 2297 446 2347 ut
454 2293 534 2346 altior
544 2298 615 2346 esset
634 2306 835 2360 superaquam,
846 2293 918 2346 oum·
931 2298 1012 2348 antea
1021 2295 1049 2346 in
1060 2295 1143 2347 immo
1156 2295 1252 2348 subtus
1262 2307 1334 2363 aqua
1388 2299 1400 2322 ⁴

130 2384 306 2457 lbisetquem
315 2393 441 2446 videntes
450 2397 559 2456 (1311133,
569 2392 616 2458 qui
628 2396 710 2444 antea
720 2392 896 2457 requirebant
904 2405 968 2445 eum
982 2393 1011 2444 in
1021 2393 1157 2458 profundo
1169 2394 1231 2458 laci,
1241 2396 1333 2449 subito

145 2496 244 2544 tmcmut
255 2506 342 2559 usque
354 2490 389 2543 ad
399 2492 489 2544 locum
502 2491 530 2543 in
539 2504 595 2557 quo
606 2492 694 2543 stabat
702 2466 770 2556 puer
783 2491 903 2555 illaesus,
912 2492 1099 2545 misericordia
1111 2493 1218 2546 bomini
1227 2506 1339 2548 succur·

146 2590 242 2643 teuteilli
254 2598 335 2659 atque
355 2591 483 2657 precibus
501 2590 565 2642 almi
584 2591 613 2642 G.
634 2594 698 2641 ante
720 2591 865 2642 bominum
880 2590 1124 2658 praefulgentibus,
1141 2594 1339 2662 jusseruntque

147 2688 219 2742 mnia
230 2705 323 2744 navem
335 2690 495 2755 ascendere,
506 2690 645 2742 redientes
652 2703 714 2742 oum
724 2689 771 2743 illo
784 2689 818 2742 ad
831 2689 1042 2757 litus‚omnique
1051 2692 1151 2757 populo
1161 2693 1207 2760 qui
1221 2694 1259 2746 ibi
1272 2694 1339 2748 ado·
1391 2742 1394 2749 Α

148 2784 220 2840 ratlac
230 2789 390 2844 miraculum
403 2790 604 2855 inspicientem.
617 2792 691 2854 Quae
712 2789 837 2842 videntes
856 2802 953 2842 omnes
971 2791 1064 2857 populi
1077 2791 1124 2858 qui
1138 2791 1172 2845 ad
1194 2793 1263 2847 illud
1279 2807 1339 2860 spe

130 2873 248 2940 ictuum
261 2889 298 2942 ibi
311 2893 509 2952 convenerant,
523 2887 744 2956 glorificaverunt
765 2891 860 2952 beorn,
880 2890 926 2954 qui
940 2890 1001 2941 talia
1015 2904 1064 2956 per
1075 2896 1200 2944 sanctum
1213 2906 1294 2947 suum
1306 2895 1338 2947 G.

150 2987 224 3041 ⁰letari
234 2987 357 3054 dignatus
368 2991 409 3040 est
421 2986 455 3039 ad
468 2987 583 3053 gloriam
594 2988 714 3040 nominis
726 2987 767 3039 sui
781 2992 807 3039 et
819 2987 852 3040 ad
864 2987 972 3041 laudem
985 2990 1103 3055 praesuli
1116 2992 1337 3046 suobaudemus

152 3085 342 3153 tutaminum,
357 3089 405 3154 qui
419 3087 482 3139 talia
494 3087 609 3139 contulit
622 3087 725 3139 famulo
738 3099 788 3138 suo
801 3088 830 3139 G.
845 3087 935 3153 qualia
948 3088 1064 3142 contulit
1076 3090 1156 3143 beato
1175 3094 1203 3142 P.
1215 3062 1339 3157 apostolo

151 3180 340 3239 uoimeudens
353 3188 381 3238 in
394 3186 477 3238 corde
489 3187 581 3238 maris.
601 3187 731 3238 Clamavit
743 3185 775 3237 ad
790 3187 935 3238 bominum
957 3186 991 3240 de
1004 3188 1142 3253 profundo
1156 3189 1242 3256 pelagi
1263 3205 1339 3257 prae-

151 3270 223 3333 dicator
231 3287 356 3352 gentium,
370 3286 417 3351 qui
430 3285 517 3337 iactus
535 3289 576 3337 est
585 3283 723 3337 secundus
736 3285 764 3336 in
778 3298 893 3337 numero
906 3285 1106 3352 apostolorum
1126 3301 1194 3353 puer
1213 3289 1264 3342 iste
1276 3291 1340 3344 sub·

130 3366 279 3436 lintbusiuit
299 3387 327 3436 in
347 3385 426 3451 aquis
446 3384 664 3447 vehementibus,
685 3384 804 3435 exoravit
826 3384 929 3436 meritis
944 3385 1078 3449 praesulis
1098 3387 1139 3451 G.,
1159 3396 1187 3440 et
1208 3391 1339 3442 Dominus

152 3471 283 3535 tipuiteum
297 3484 331 3535 de
343 3484 442 3549 laqueo
461 3483 568 3535 mortis.

173 3568 273 3634 ²·lliud
290 3595 400 3649 quoque
419 3595 604 3634 memoremus
625 3582 738 3634 verbum
759 3581 958 3647 admirationis,
972 3596 1057 3649 quern
1079 3586 1218 3650 Dominus,
1233 3588 1281 3654 qui
1294 3594 1336 3641 est

152 3664 231 3733 lalit'tor
240 3683 358 3734 omniurn
372 3683 518 3746 bonorum,
532 3682 640 3747 operari
653 3680 783 3748 dignatus
792 3686 833 3734 est
842 3681 876 3734 ad
885 3681 993 3734 laudem
1004 3685 1173 3737 nominissui
1186 3691 1213 3739 et
1223 3687 1338 3755 gloriam

153 3777 237 3829 tumuli
252 3793 310 3834 suo.
325 3783 385 3834 Fuit
407 3782 498 3847 itaque
512 3781 541 3832 in
563 3781 616 3833 illis
633 3780 732 3834 diebus
752 3782 863 3848 quidam
886 3784 1013 3849 rusticus,
1036 3787 1148 3838 nomine
1169 3789 1213 3855 ti,
1235 3802 1340 3854 pauper

130 3861 209 3924 imbus
225 3880 413 3943 saecularibus,
436 3878 484 3932 sed
506 3880 583 3932 dives
603 3879 688 3947 [lide],
712 3879 840 3933 mluciam
863 3880 968 3934 habens
989 3883 1017 3933 in
1036 3884 1174 3951 episcopo,
1200 3886 1340 3953 sicutipse

149 3968 246 4030 lominus
256 3981 319 4033 dicit
332 3996 338 4031 ι
352 3981 385 4032 Si
404 3979 553 4033 habueris
574 3981 669 4047 fidem
685 3981 770 4033 sicut
785 3994 924 4046 prauum
944 3983 1078 4051 sinapis,
1092 3991 1119 4037 et
1136 3991 1236 4040 cetera.
1250 3988 1338 4042 Adve-

144 4069 214 4128 niente
225 4077 301 4146 igitur
314 4079 521 4132 translationem
543 4080 665 4144 corporis
683 4080 756 4131 diem
775 4081 861 4145 patris
873 4082 959 4134 nostri
973 4082 1065 4135 domni
1079 4085 1120 4149 G.,
1134 4098 1205 4150 quae
1217 4087 1338 4140 celebra·

140 4177 230 4231 turnii.
243 4179 371 4232 kalendas
389 4179 556 4243 novembris,
576 4180 603 4230 in
626 4192 679 4245 (1113
703 4179 793 4230 omnis
806 4180 923 4246 populus
942 4181 1150 4250 biturigensium
1162 4192 1243 4251 atque
1255 4189 1337 4241 Turo-

130 4287 224 4342 norum,
236 4292 283 4330 seu
296 4279 374 4330 multi
387 4292 419 4331 ex
439 4278 499 4330 aliis
516 4278 649 4344 partibus,
664 4279 806 4330 consuevit
827 4279 967 4346 devenire,
986 4282 1076 4347 coepit
1095 4284 1213 4350 cogitare
1234 4285 1291 4351 ipse
1303 4289 1337 4339 tl.

130 4375 295 4431 trimarcana
308 4377 399 4429 cordis
421 4375 462 4428 sui
482 4382 507 4430 et
527 4378 618 4429 dicere
632 4391 638 4427 ε
654 4378 720 4429 Heu
740 4375 829 4443 mibi,
853 4376 981 4445 infelice,
1003 4380 1080 4446 quid
1100 4379 1242 4447 faciam?
1261 4385 1339 4450 quid

130 4477 350 4548 geminante,
362 4488 476 4543 pentec,
496 4476 639 4529 nesciens
660 4475 736 4542 quid
757 4474 899 4542 deferam
920 4477 963 4529 ad
985 4478 1092 4532 domui
1112 4481 1173 4533 mei
1187 4482 1222 4535 G.
1235 4486 1337 4550 sepul·

130 4591 204 4631 rum.
221 4579 389 4642 Factumque
401 4579 442 4627 est
454 4580 494 4637 ut,
507 4575 571 4626 dum
586 4575 637 4626 iret
649 4587 698 4639 per
720 4574 762 4627 via
779 4573 812 4625 ad
832 4573 1005 4629 festivitatem
1024 4579 1108 4643 patris
1127 4579 1213 4632 nostri
1226 4581 1256 4633 G.
1272 4595 1335 4635 cum
