3082 5498
309 348 402 398 arun.
423 350 507 398 nnr.
527 351 644 400 rnnrs.
664 372 710 382 —
726 351 803 401 oon.
824 353 860 400 n.
880 354 914 400 A.
938 348 1011 399 rsa-2.
1221 336 1288 402 469

55 515 131 567 beati
144 516 308 581 sigismondi
321 516 398 568 faber
410 516 520 582 quidam
534 518 568 569 de
582 519 689 570 civitate
703 519 840 585 pragensi,
857 518 1001 570 Niebolans
1013 518 1101 570 dictus
1114 520 1288 581 Turnowecz,

53 616 137 679 cujus
148 614 279 666 diuturna
292 616 423 682 paralysis
446 629 556 669 manum
579 630 659 668 unam
683 618 837 668 reddiderat
858 618 972 670 omnino
994 617 1118 669 inutilem
1137 622 1164 668 et
1184 621 1290 668 eontra·

56 720 140 765 elain.
155 715 201 764 llic
221 721 370 780 prostratus
383 715 483 767 ibidem
506 715 621 769 devotus
642 718 728 768 oravit
742 725 780 781 nt,
804 731 865 769 com
879 718 950 769 foret
967 717 1066 768 artifex
1079 723 1105 767 et
1119 729 1172 768 non
1192 716 1242 766 nisi
1256 715 1290 766 de

56 825 170 864 suarum
184 826 315 865 manuum
329 815 422 866 labore
435 816 516 866 vitam
530 822 685 880 quaereret,
700 816 844 880 pristinum
856 831 935 869 usum
947 830 1043 869 manus
1056 829 1122 868 suae
1134 829 1183 880 per
1193 815 1288 867 merita

24 913 42 963 tt
58 911 183 976 eiusdem
198 914 323 978 martyris
334 915 442 980 assequi
456 920 616 968 mereretur.
631 918 692 967 llox
705 917 765 980 pins
779 915 941 969 afflictorum
954 929 985 968 ac
1004 928 1154 982 pauperum
1167 914 1290 966 consola·

59 1017 103 1064 tor
116 1012 189 1076 quod
212 1013 257 1064 ille
280 1013 389 1077 petebat
408 1014 459 1066 sibi
481 1013 552 1078 aliud
572 1003 657 1066 'beurn
672 1015 800 1078 obtinuit,
819 1021 846 1067 et
861 1016 927 1067 abiit
940 1029 1023 1068 sanus
1045 1015 1091 1081 qui
1113 1026 1194 1081 aeger
1215 1014 1291 1067 adro

60 1116 149 1172 ncrat,
162 1111 318 1177 glorificans
331 1114 416 1164 licum
429 1120 455 1165 et
468 1121 592 1165 sanetum
606 1113 807 1179 Sigismondum
821 1121 965 1181 martyrem
979 1115 1139 1181 gloriosum.

93 1210 232 1261 xxvnt
245 1211 448 1262 miraculum.
461 1238 494 1249 -
507 1213 573 1264 Item
587 1211 632 1263 die
652 1223 719 1263 xxtx
743 1211 848 1264 mensis
864 1212 993 1277 januarii,
1016 1212 1081 1263 bora
1102 1222 1289 1276 vesperarum,

60 1309 176 1360 veniens
188 1308 222 1360 ad
234 1310 389 1375 sepulcrum
403 1311 474 1363 beati
487 1310 652 1377 sigismundi
666 1311 834 1363 reverendus
848 1311 876 1362 in
894 1310 999 1363 cbristo
1013 1314 1090 1375 pater
1111 1319 1138 1362 et
1159 1309 1289 1362 dominus

10 1408 45 1460 Ill
59 1405 345 1473 dominuslolranncs,
354 1413 463 1462 sanctae
473 1411 615 1477 pragensis
628 1410 760 1462 ecclesiae
772 1410 1002 1475 archiepiscopus,
1013 1408 1178 1474 apostolicae
1188 1409 1291 1474 legatus

60 1507 177 1572 primus,
206 1506 325 1560 offerens
343 1508 445 1561 ibidem
465 1509 595 1575 grandem
617 1509 770 1573 candelam,
785 1508 888 1561 rettulit
912 1509 1020 1573 publica
1044 1521 1110 1560 voce
1140 1521 1187 1572 per
1213 1520 1290 1560 suam

60 1610 259 1661 conscientiam
280 1616 306 1662 et
318 1623 383 1662 suae
400 1609 462 1661 fidei
476 1611 642 1675 puritatem]
659 1609 819 1676 quodcum
841 1611 899 1674 ipse
921 1609 1078 1674 nuperrime
1100 1608 1291 1673 gravissimam

62 1707 167 1760 febrem
181 1709 303 1775 baberet,
317 1709 345 1759 in
358 1722 411 1774 qua
423 1709 501 1774 quasi
514 1721 601 1774 usque
620 1708 653 1759 ad
673 1715 790 1761 mortem
810 1707 1026 1773 periclitabatur,
1045 1707 1134 1758 statim
1148 1712 1290 1772 postquam

62 1807 96 1860 ad
117 1807 263 1860 eonsilium
276 1807 378 1860 domini
401 1809 486 1859 nostri
509 1808 613 1860 domini
633 1807 804 1872 imperatoris
832 1807 945 1873 praefati
967 1821 996 1858 se
1019 1804 1097 1859 beato
1118 1805 1291 1873 Sigismondo

10 1908 47 1962 It
63 1907 314 1961 recommendasset
327 1913 352 1958 et
366 1913 457 1959 votum
470 1906 597 1958 visitandi
612 1907 696 1970 ipsius
714 1907 818 1958 liminia
837 1908 982 1969 emitteret,
997 1907 1070 1958 calor
1083 1906 1173 1970 ipsum
1186 1905 1291 1958 febrilis

62 2005 165 2058 dimisit
186 2013 214 2058 et
233 2006 335 2072 incepit
355 2008 498 2059 sanitatem
520 2020 692 2073 recuperare,
706 2013 732 2058 et
753 2020 812 2058 eam
832 2020 879 2071 per
897 2007 943 2059 liei
957 2004 1173 2058 misericordiam
1186 2009 1213 2057 et
1225 2003 1289 2055 dicti

62 2107 147 2159 sancti
160 2107 286 2172 martyris
298 2107 521 2158 intercessionem
535 2107 653 2158 obtinuit
664 2112 746 2172 atque
759 2107 849 2158 babet.

93 2207 199 2257 XXIX
213 2204 416 2258 Mil-eorunm.
430 2233 462 2243 —
482 2208 548 2258 ltem
570 2205 614 2258 die
636 2205 732 2258 eadem
755 2206 871 2258 veniens
889 2205 923 2258 ad
936 2207 1093 2272 sepulcrum
1106 2206 1192 2258 sancti
1206 2204 1287 2272 Sigis-

63 2305 155 2356 mondi
171 2304 341 2368 Besiluslans,
355 2304 422 2355 ciris
437 2303 547 2356 ttinoris
560 2303 680 2356 Civitatis
695 2304 847 2370 bragensis,
860 2304 904 2355 cui
916 2309 1009 2370 guttur
1021 2304 1089 2356 adeo
1104 2304 1155 2356 fuit
1166 2302 1290 2355 inflatum

10 2402 46 2455 20
62 2410 89 2456 ct
101 2404 280 2456 tumefactum
293 2408 324 2454 ot
339 2405 395 2470 jam
416 2404 507 2455 cibum
529 2416 636 2454 sumere
658 2417 712 2455 non
737 2409 837 2467 posset,
855 2403 925 2454 fudit
940 2404 1078 2455 orationes
1098 2403 1208 2455 devolas
1226 2416 1288 2454 cum
1367 2455 1370 2461 ,
1390 2395 1396 2407 ’

61 2503 164 2570 gemitu
176 2502 276 2564 cordis,
289 2502 418 2567 quoniam
434 2502 583 2566 periculum
598 2502 667 2552 vitae
680 2514 745 2553 suae
758 2501 926 2560 imminebat,
941 2505 967 2553 et
987 2502 1133 2553 sanitatem
1147 2501 1289 2566 pristinam

62 2614 124 2654 mox
146 2602 248 2653 ibidem
271 2602 388 2654 obtinuit
412 2608 437 2652 et
451 2614 535 2653 sanus
548 2602 648 2653 abinde
661 2601 784 2661 recessit,
803 2598 958 2666 glorificans
981 2603 1065 2652 licum
1078 2606 1104 2652 et
1116 2601 1203 2678 ipsius
1221 2612 1291 2652 mar-

63 2706 148 2766 tyrem
162 2707 286 2751 sanetum
299 2698 511 2766 Sigismondum,
527 2712 574 2763 per
589 2713 670 2765 quem
686 2701 755 2751 fleus
772 2700 831 2763 ipse
843 2696 970 2764 dignatus
994 2704 1036 2750 est
1057 2699 1158 2751 dictum
1173 2698 1290 2751 liberare

63 2813 77 2853 a
91 2805 179 2852 morte
189 2807 216 2850 et
229 2799 344 2851 reddere
356 2800 476 2851 sanitati.

10 2898 46 2950 il
93 2899 187 2950 XXX
197 2898 400 2950 Hiraculum.
413 2925 446 2934 -
459 2900 535 2959 lieni,
549 2896 594 2948 die
606 2897 692 2962 prima
706 2897 991 2963 februarii,t1uaefuit
1003 2896 1063 2948 dies
1075 2897 1213 2950 dominica
1225 2903 1289 2950 ante

61 2998 135 3050 diem
148 2997 348 3050 purificationis
362 3001 456 3050 beatae
477 2998 601 3062 Virginis,
616 2997 728 3048 veniens
749 2998 782 3047 ad
802 2996 957 3060 sepulerum
971 2998 1056 3048 sancti
1070 2997 1235 3064 Sigismondi
1248 2998 1291 3048 ιιι

62 3098 184 3164 quidam,
199 3097 314 3159 Uiricns,
327 3098 360 3148 de
373 3097 504 3161 plebe....‘
529 3097 644 3148 civitatis
658 3097 811 3162 PragensiS,
824 3097 869 3160 qui
883 3094 964 3148 annis
976 3110 1013 3147 xx
1025 3098 1063 3159 [et
1075 3096 1202 3161 amplius]
1214 3096 1289 3162 capi·
1307 3113 1316 3131 ·
1330 3113 1467 3162 emptura

62 3197 96 3247 tis
108 3196 204 3249 dolore
216 3196 389 3248 detinebatur
398 3208 449 3247 nec
461 3195 516 3246 nlla
529 3195 579 3246 sibi
594 3194 713 3246 remedia
728 3195 896 3246 medicorum
910 3194 1041 3260 prolicere
1051 3199 1197 3260 [poterant
1209 3196 1287 3248 audi·
1325 3160 1455 3265 '‘ZZZ‘'

62 3297 96 3347 tis
117 3296 300 3359 mi]rabillbus
326 3308 396 3360 quae
421 3295 522 3346 fiebant
542 3295 586 3357 [ad
610 3295 669 3358 ejus
691 3294 876 3358 sepultorum,
899 3307 927 3345 se
958 3295 1190 3347 recommendavit
1209 3296 1289 3347 beato
1340 3260 1454 3361 “2³52ssss

10 3396 44 3450 30
60 3394 237 3462 Sigismondo
250 3401 307 3446 et...
1308 3361 1466 3412 poemat.

93 3495 203 3547 XXXI
216 3493 416 3546 mraeutum.
432 3522 463 3530 —
476 3494 541 3546 ltem
555 3493 599 3545 die
609 3491 735 3545 eadem...
750 3493 785 3553 (tl

540 3678 825 3691 ——

173 3949 737 4062 obtemperantem
764 3952 815 4039 N.
840 3952 888 4037 A.
912 3975 1025 4036 num.
1055 3951 1176 4038 1522.

85 4167 232 4222 Foliorum
245 4169 286 4229 36,
301 4165 372 4218 med.
386 4168 591 4230 (0¹¹¹,Ii><0,fil,
604 4166 685 4217 lineis
698 4166 794 4230 plenis,
809 4170 937 4217 exaratus
949 4179 1020 4218 saec.
1035 4166 1090 4219 xli.

161 4266 200 4340 ιΟ
230 4258 408 4368 [Sulpicii
429 4264 558 4342 Severi
579 4264 724 4364 dialogi
756 4263 806 4341 de
824 4273 958 4341 sancto
986 4265 1149 4341 lfartino
1168 4264 1289 4340 Turo-

212 4388 320 4465 nensi
336 4419 346 4480 ;
368 4388 644 4487 {ascriptiones
672 4386 720 4463 de
736 4397 870 4465 sancto
888 4388 1052 4465 Martino
1068 4417 1077 4479 ;
1100 4388 1290 4488 Excerpta

80 4594 124 4658 (l)
144 4591 212 4643 Folii
225 4592 337 4655 dpaene
347 4592 401 4655 jam
415 4589 504 4642 deleta
517 4592 661 4656 scriptura,
677 4590 833 4643 exscribere
847 4591 951 4657 reliqua
965 4590 1180 4655 supersedimus.
