3076 5498
144 267 211 334 328
492 282 615 333 ctam.
636 283 737 333 oonn.
757 283 933 335 anatona.
951 285 1034 336 aar.

145 456 234 522 coepit
247 455 317 508 inira
339 468 369 508 se
387 458 523 511 volutasse
544 459 646 524 sobrie,
662 458 666 526 Ι
681 465 713 511 ιιι
724 457 851 526 deposito
866 460 966 513 ueteris
984 460 1150 514 indumento
1168 460 1379 528 nomiliam

144 555 295 620 praelatum
307 555 405 608 christi
416 556 548 610 famulum
571 559 681 610 ueniret
693 559 834 626 citissime,
850 558 856 626 1
870 564 898 612 et
910 558 973 612 ildei
987 573 1072 626 super
1089 572 1124 614 eo
1139 560 1234 613 callem
1245 572 1363 628 agnou

145 659 186 707 ret
197 655 394 708 sanctissimae.

177 754 252 817 Quod
264 760 353 808 etceu
366 755 496 824 cogitavit
517 756 621 810 bomini
641 757 794 822 inspirante
815 758 901 826 gratia
923 759 951 810 in
972 758 1065 823 corde,
1082 759 1088 825 Ι
1103 759 1142 812 sio
1164 760 1249 812 statim
1264 758 1343 824 abspe

144 854 328 920 impeditionis
340 855 496 921 complebat
508 856 597 909 sorde.
806 834 809 845 ⁴
1343 856 1355 904 i

176 954 275 1006 Taliter
286 954 360 1006 enim
374 955 532 1020 praelinitns
552 961 595 1008 cst
611 956 746 1009 bavitieae
763 956 915 1010 versiculus
931 956 1093 1023 prophetiae
1113 975 1119 1010 :
1135 957 1141 1024 Ι
1155 958 1242 1011 Iacto
1256 955 1332 1022 tetih

144 1055 210 1106 tum
222 1055 310 1105 tuum
322 1053 357 1105 in
368 1053 485 1106 cummi
496 1053 628 1107 Sabaoth
635 1055 763 1122 pietate,
780 1055 785 1115 Ι
799 1057 830 1108 et
840 1055 908 1121 t'giae
925 1057 954 1108 te
975 1055 1116 1108 enutriet
1135 1055 1204 1108 sine
1219 1054 1329 1119 uunpu

138 1154 273 1220 pertale,
289 1153 294 1215 Ι
309 1165 347 1206 oc
358 1165 421 1206 uon
433 1152 519 1206 dabit
532 1153 589 1204 tibi
599 1153 837 1220 fluctuationem
848 1154 883 1206 in
895 1153 1080 1220 longiturna
1089 1153 1289 1221 perpetuitate.
1391 1180 1395 1189 ·

177 1255 197 1304 0
219 1265 348 1320 magnum
368 1252 471 1305 donum
489 1252 655 1318 altipotentis
675 1252 891 1315 misericordiae,
907 1254 913 1319 Ι
927 1254 975 1319 qui
995 1265 1133 1321 paganum
1156 1253 1258 1306 nemine
1272 1248 1328 1303 adbuc
1395 1269 1396 1311 3

144 1353 278 1406 imbutum
291 1354 412 1418 sapiente
427 1352 433 1419 Ι
449 1353 584 1406 revocavit
596 1353 629 1405 ad
647 1353 780 1405 unitatem
799 1351 963 1406 concordiae
978 1352 984 1416 i
998 1357 1026 1404 et
1041 1353 1124 1419 jussit
1143 1358 1234 1405 sancio
1248 1342 1354 1417 praesaliti
1390 1378 1396 1410 r

144 1452 274 1506 oboedire
289 1451 294 1519 Ι
309 1451 442 1519 usquead
456 1451 539 1505 linem
552 1466 617 1506 suae
631 1453 710 1505 vilae.

177 1552 287 1606 Lectio
296 1552 406 1605 tertia
421 1555 522 1605 -iam
535 1552 632 1606 eodern
654 1552 826 1620 iiegnoberto
848 1553 976 1604 veniente
1000 1550 1034 1604 ad
1059 1552 1132 1605 boati
1144 1552 1256 1604 casulam
1265 1542 1319 1608 viril
1390 1582 1392 1587 -

143 1658 273 1719 coeperat
283 1651 367 1705 corde
379 1652 449 1704 virili
465 1651 470 1719 l
484 1658 515 1704 ιιι
527 1653 551 1705 ei
565 1653 635 1705 viam
648 1653 769 1705 veritatis
782 1651 941 1706 ostenderet
952 1650 1110 1718 deprecari.

178 1750 313 1804 intellexit
334 1757 423 1804 autern
445 1764 525 1803 mens
546 1751 672 1817 Exuperii
688 1750 693 1816 1
708 1751 785 1804 illum
807 1749 979 1804 desiderasse
997 1751 1102 1805 donum
1118 1742 1328 1805 l’neumatisaetbt·

147 1851 202 1914 rei,
219 1850 223 1917 Ι
239 1861 337 1918 rnagno
359 1851 478 1917 repleius
501 1850 600 1918 gaudio
621 1851 716 1903 animi.
732 1852 737 1916 Ι
754 1853 936 1918 interrogatus
957 1851 980 1903 si
999 1851 1085 1903 uellet
1112 1850 1234 1917 accipere
1254 1828 1356 1913 grtiiffl⁸
1392 1882 1396 1889 ·

148 1951 315 2017 baptisterii,
331 1950 337 2019 l
352 1950 397 2003 ille
417 1950 589 2016 respondens
610 1951 752 2003 confestim
772 1963 898 2002 sermone
922 1950 1060 2003 mirabili:
1076 1947 1130 2016 {Si
1151 1951 1229 2003 eaaet
1246 1944 1329 2000 iodim
1391 1966 1396 1999 τ

146 2052 293 2105 voluutas
318 2050 452 2116 Domitii,
469 2051 473 2116 Ι
489 2053 524 2102 ut
541 2063 602 2117 per
624 2063 737 2105 mortua
761 2053 833 2103 tuus
858 2051 907 2103 oet
929 2063 996 2104 utta
1019 2061 1146 2103 merear
1169 2041 1330 2104 beiredittt'iit
1395 2055 1396 2100 3

141 2149 250 2217 potiri.

12 2270 32 2310 a
48 2257 114 2312 cod,
176 2252 393 2303 sanctasantem
415 2251 564 2316 Exuperius
584 2253 682 2303 conatu
704 2249 783 2302 hilari
798 2249 803 2314 1
818 2254 926 2302 certans
946 2249 997 2302 sibi
1017 2249 1153 2314 baptisma
1175 2233 1330 2316 largiriitil'

143 2350 283 2404 videretur
294 2349 397 2402 diutius
415 2363 430 2402 a
450 2350 586 2403 consortio
608 2347 815 2402 christianitatis
843 2349 951 2401 alienus
969 2347 1047 2413 lieri3
1063 2351 1068 2412 Ι
1083 2323 1358 2401 οιιιιοίειιειιιιιιιιΗ

144 2464 221 2511 num,
234 2447 378 2515 baptizavit
390 2462 454 2501 eum
468 2450 495 2501 in
509 2448 623 2502 nomine
636 2446 741 2501 bomini
757 2448 844 2500 nostri
856 2450 920 2501 iesu
935 2447 1046 2500 christi.

177 2553 290 2602 Tantam
303 2548 354 2601 sibi
369 2549 499 2601 hominus
510 2549 624 2616 gratiam
639 2552 699 2614 post
711 2549 810 2601 trinam
823 2547 940 2601 contulit
950 2547 1121 2601 mersionem
1134 2546 1240 2609 lauacri,
1253 2543 1258 2611 Ι
1269 2543 1332 2596 uitii

144 2649 233 2702 solurn
247 2652 408 2701 nosceretur
420 2648 454 2700 de
467 2647 631 2700 caelestibus
653 2645 789 2712 meditari,
806 2645 875 2708 ised
897 2647 1069 2699 incessanter
1089 2646 1119 2698 in
1140 2631 1333 2700 urruunsit

143 2749 258 2802 sothero
270 2746 405 2801 famulari.

176 2852 269 2915 Neque
286 2846 320 2900 de
333 2860 471 2913 quoquam
485 2846 632 2898 viventium
647 2845 906 2912 poiultcontristari,
924 2844 928 2910 l
943 2845 1028 2898 immo
1036 2856 1137 2899 ornnes
1145 2816 1360 2912 oppreislsotiii'

143 2948 292 3015 neglegens
313 2946 447 2999 consolari
461 2942 469 3007 l
483 2951 510 2998 et
531 2946 560 2997 in
584 2945 804 3011 quibuscumque
826 2944 994 3010 paupertatis
1012 2945 1166 3013 angoribus
1189 2928 1325 3009 nonani

143 3050 247 3116 quahn]
259 3047 366 3111 saepius
378 3046 450 3098 beati
458 3046 593 3099 reducens
602 3045 636 3097 ad
647 3045 806 3097 memoriam
816 3043 889 3097 dicta
899 3043 1015 3111 apostoli
1027 3058 1034 3092 :
1050 3046 1055 3107 Ι
1070 3045 1187 3098 Μίαν
1195 3036 1333 3098 auaitum

142 3145 262 3216 fratri!
278 3148 311 3198 ut
321 3145 410 3199 ambo
428 3145 555 3198 nebant
567 3144 733 3210 amaturi,
749 3145 754 3206 Ι
769 3149 796 3196 et
819 3144 904 3196 alibi:
921 3145 943 3197 0
963 3143 1030 3210 filii
1042 3144 1123 3210 cari,
1139 3143 1145 3212 l
1159 3141 1293 3198 studetote
1304 3138 1333 3186 ili

143 3245 267 3300 imitari
280 3246 286 3310 Ι
300 3243 476 3298 utilitatem
488 3245 628 3297 datorem
640 3256 661 3296 a
673 3245 734 3297 Deo
745 3243 853 3297 aciatis
865 3242 981 3296 amari.

173 3343 319 3408 conspexit
331 3342 359 3394 in
372 3342 432 3407 ipso
445 3342 485 3392 vir
503 3346 613 3394 sanctus
634 3341 786 3407 Exuperius
803 3353 915 3393 sensum
930 3339 1094 3406 prudentem
1108 3342 1238 3410 gratulari
1250 3342 1255 3407 Ι
1267 3318 1361 3388 iiiii*

140 3457 194 3510 que
208 3442 287 3509 bonis
300 3441 429 3507 operibus
439 3439 612 3504 multiplicari
626 3456 633 3503 ;
650 3443 655 3504 i
669 3443 816 3505 antequam
828 3438 985 3506 quindecim
997 3444 1069 3492 esset
1078 3453 1218 3494 annorum
1228 3437 1336 3507 pronubi

138 3543 230 3603 aetati,
246 3543 251 3606 Ι
266 3540 408 3606 baptizavit
420 3553 484 3592 euin
497 3540 526 3590 in
539 3539 651 3591 nomine
665 3538 750 3590 Patris
763 3545 789 3591 ei
804 3538 862 3591 Filii
880 3543 908 3590 et
920 3539 1036 3604 Spiritus
1049 3540 1149 3593 sancti.

172 3645 304 3706 lpsevero
316 3640 350 3692 de
363 3640 436 3691 ionic
447 3639 599 3703 suscipiens
611 3638 720 3701 lavacri,
736 3640 741 3698 Ι
756 3637 844 3707 iactus
857 3643 899 3689 est
911 3637 934 3689 ei
953 3641 1028 3703 pater
1041 3636 1102 3704 lege
1115 3638 1259 3704 spirituaii,
1271 3635 1277 3703 l
1287 3629 1336 3687 eiii

140 3740 236 3793 eodem
249 3737 365 3790 articulo
377 3737 431 3788 diei
447 3740 452 3798 Ι
467 3736 603 3789 concessit
614 3740 718 3801 septem
732 3734 802 3787 dona
817 3734 869 3786 sibi
881 3735 998 3801 Spiritus
1009 3736 1090 3788 sacri.
1390 3792 1396 3807 ⁴

173 3838 296 3891 crastina
307 3841 398 3890 aulem
411 3835 456 3888 die
469 3835 534 3888 hora
556 3834 718 3892 matutinali.
735 3834 920 3899 {circumiens
936 3833 1041 3899 plateas
1057 3835 1180 3890 ciuitatis
1197 3849 1271 3892 more
1284 3820 1377 3887 nulii
1394 3844 1396 3855 ¹

140 3939 231 4003 cinaii,
248 3938 253 4006 Ι
268 3938 358 4003 coepit
370 3949 471 3989 nomen
485 3935 591 3987 bomini
605 3948 654 4000 per
667 3941 749 3987 lotam
768 3934 866 3987 urbem
881 3935 982 4003 ‚laniari
997 3937 1002 3996 i
1016 3940 1044 3988 et
1055 3936 1229 4004 baptismum
1240 3939 1270 3993 in
1279 3933 1353 3991 remis

50 4083 56 4095 .
99 4081 106 4095 .
139 4041 246 4094 sionem
259 4038 341 4092 totius
352 4036 464 4104 peccati,
480 4038 485 4096 Ι
501 4038 540 4086 nt·
553 4047 649 4087 omnes
666 4033 809 4086 audientes
831 4033 985 4100 inciperent
1002 4035 1186 4092 uehementer
1198 4053 1233 4094 ex
1245 4040 1358 4108 eiuspru·

140 4140 233 4193 deniia
242 4136 381 4191 admirari.

173 4241 275 4289 Caecus
287 4233 397 4300 quidam
412 4230 522 4284 interim
535 4231 648 4283 sedebat
662 4229 695 4283 ad
710 4236 801 4295 portas
820 4230 885 4295 iani,
901 4229 907 4297 1
921 4236 952 4283 ut
970 4229 1066 4284 lumen
1079 4235 1233 4291 oculorum
1246 4240 1368 4305 acciperet

140 4349 155 4388 a
167 4334 310 4387 daemonis
333 4331 509 4397 perversitate
521 4341 634 4395 sperans
647 4328 725 4392 uniri,
741 4328 746 4394 l
760 4326 835 4382 uelut
855 4329 967 4382 luerunt
984 4329 1031 4382 ulii
1044 4343 1132 4397 quarn
1154 4335 1282 4404 plurimi,
1296 4342 1302 4404 Ι
1314 4333 1396 4404 guast

141 4433 266 4487 diabolus
277 4445 326 4498 per
338 4437 424 4483 artcrn
436 4442 513 4481 suam
526 4429 674 4481 arbitratus
684 4435 725 4480 est
734 4440 814 4493 posse
827 4429 928 4480 sanari.

174 4530 293 4583 Audiens
304 4528 376 4581 idom
388 4539 488 4579 caccus
501 4526 534 4578 ab
547 4524 645 4580 codem
656 4526 792 4592 neophyto
805 4525 915 4580 moenia
927 4525 1043 4578 civitatis
1052 4528 1240 4602 perlustrari,
1254 4540 1262 4606 i
1276 4549 1378 4607 evange
