3082 5498
358 333 455 384 aran.
474 333 559 385 nar.
576 333 697 385 euers.
716 351 761 365 —
778 333 931 384 urrann.
950 334 999 385 an
1015 334 1094 385 oon.
1115 331 1209 387 arrae.
1344 321 1390 387 23

200 505 255 560 alosis
270 504 372 559 loribus
391 503 530 570 locupleti,
552 503 653 556 divinis
674 503 860 557 voluminibus
881 503 1021 568 insistens,
1041 502 1151 556 imitans
1172 502 1254 555 etiam
1274 501 1389 557 nimiam

198 606 349 658 abstinentiam
361 602 485 671 ejusdem
505 603 574 669 syri.
589 607 749 657 demoratus
762 608 803 656 est
823 608 914 656 autem
926 616 988 656 cum
1002 602 1049 655 illo
1070 602 1099 655 in
1116 602 1286 669 propinquos
1295 602 1388 656 Antio·

198 704 249 757 eliae
258 709 352 757 montes
366 716 415 770 per
436 704 479 756 bis
490 704 571 756 binos
593 716 691 765 annos,
704 704 814 772 litigans
826 701 993 757 ualidissime
1005 707 1101 755 contra
1114 703 1292 769 cogitationes
1303 701 1388 768 pessi·

197 808 263 857 naret
271 816 433 870 exsuperans
447 816 493 856 eas
506 809 561 855 tam
582 803 780 856 certaminibus
800 816 882 870 quam
894 803 985 859 uerbis
1006 807 1161 856 sanctarum
1183 802 1341 855 orationum
1352 814 1386 857 ac

175 901 314 955 electionum.
327 902 394 955 llein
413 900 526 954 secessit
541 899 641 953 morari
656 900 731 953 solus
749 901 777 953 in
791 901 930 967 spelunca,
944 900 1050 954 malens
1071 913 1131 953 esse
1150 899 1283 966 occultus,
1296 913 1387 966 perse·

194 1002 315 1054 transibi
340 1000 450 1053 circiter
473 1004 534 1052 octo
551 1012 671 1064 menses,
690 1001 830 1053 insomnes
854 999 916 1053 illos
938 1000 1087 1066 plurimum
1110 999 1225 1067 ducens,
1249 999 1386 1053 meditans

192 1104 347 1153 testimenium
356 1099 465 1152 liomini
475 1098 508 1151 ad
517 1097 731 1151 destructionem
741 1099 921 1165 ignorantiae,
932 1111 1104 1165 nequaquam
1111 1099 1206 1165 jacens
1216 1112 1264 1165 per
1273 1098 1387 1152 eosdem

192 1198 323 1252 trutannus
337 1204 417 1252 noete
428 1197 471 1250 rel
484 1198 537 1250 die.
561 1199 635 1250 lnter
646 1198 723 1261 baec,
737 1197 823 1250 nimio
835 1211 899 1250 eum
918 1197 1084 1263 pervadente
1101 1197 1202 1264 rigore,
1215 1197 1385 1250 insensibilia

192 1296 338 1350 suntreddita
350 1298 409 1364 ejus
421 1297 548 1365 genitalia
562 1296 694 1362 membra,
706 1309 787 1349 renes
799 1297 926 1350 videlicet
938 1302 966 1350 et
974 1309 1007 1349 ea
1019 1310 1090 1364 quae
1102 1298 1154 1351 sub
1166 1297 1226 1349 alvo
1239 1300 1312 1349 sunt.
1325 1298 1385 1349 Non

162 1395 309 1462 itautenlam
329 1396 382 1449 sibi
394 1395 533 1449 sufficiens
554 1408 702 1462 congruam
723 1396 867 1449 utilitatem
888 1395 1060 1463 impendere,
1073 1395 1292 1463 infirmitatisque
1308 1394 1384 1448 dolo·

191 1494 242 1548 n'bus
251 1496 409 1563 compulsus,
418 1494 563 1548 discedens
573 1495 607 1548 ab
620 1495 716 1559 antris,
728 1495 1074 1549 rediitadecclesiastioum
1085 1501 1191 1562 portum
1202 1513 1210 1562 3
1224 1501 1252 1548 et
1263 1494 1315 1548 boo
1323 1494 1385 1548 sine

190 1591 248 1648 dublo
256 1595 394 1648 salvatoris
406 1593 577 1660 providentia
589 1600 694 1661 gestum
710 1600 752 1648 est
763 1607 812 1660 pro
823 1595 940 1647 utilitate
952 1594 1096 1648 Ecclesiae.

209 1692 232 1744 l.
246 1693 304 1748 inde
315 1700 427 1747 sanctus
438 1694 578 1747 lobannos
599 1698 776 1747 consecratur
790 1695 818 1746 in
840 1693 1015 1747 diaconatum
1027 1706 1076 1760 per
1095 1693 1245 1757 lleletium,
1258 1690 1384 1747 serviens

188 1790 329 1846 abritribus
345 1806 377 1846 ac
389 1792 497 1846 duobus
515 1794 603 1845 annis.
618 1796 733 1845 Noverat
753 1797 843 1845 autom
857 1792 910 1856 laic,
930 1792 1086 1846 vehementi
1107 1791 1260 1845 litterarum
1281 1791 1381 1858 peritia

158 1886 178 1937 ll
188 1889 287 1957 eruditus,
298 1893 427 1959 quonlam
440 1893 524 1944 miser
536 1893 634 1958 estqui
647 1892 738 1945 verbis
761 1898 865 1944 tantum
877 1891 958 1944 docet
970 1904 1051 1944 nosse
1065 1891 1189 1945 nomines
1201 1891 1274 1945 bona
1285 1891 1343 1957 liei,
1355 1894 1384 1943 et

186 1988 237 2053 qaod
251 1991 305 2057 plus
327 1992 411 2044 miser
423 1992 459 2044 sit
479 1991 571 2044 sciens
583 2004 615 2044 ea
637 1992 725 2044 solum
738 1996 765 2043 et
777 1991 861 2044 silens
878 2004 910 2044 ex
923 1991 975 2056 bis,
989 1995 1016 2043 et
1026 1991 1090 2058 quia
1109 1991 1280 2043 miserrimus
1291 1995 1378 2043 exstet

186 2089 391 2144 nescirevolens
403 2089 449 2143 illa
460 2107 468 2155 3
481 2094 508 2142 ct
519 2090 629 2168 beatum
643 2103 704 2143 esse
723 2089 845 2155 sapiebat
856 2091 1024 2142 nescientem
1044 2089 1136 2142 divina
1145 2090 1220 2156 jussa
1241 2088 1377 2157 descripta

186 2182 299 2252 legeresed
316 2195 409 2244 minen
430 2191 474 2256 pie
494 2189 572 2242 iactis
595 2189 711 2255 propriis
732 2202 765 2241 ea
785 2189 924 2254 implendo
945 2188 1062 2242 docente
1084 2188 1242 2254 bomine[s],
1256 2188 1377 2242 beatissi-

185 2290 317 2342 nuuetiam
329 2290 464 2342 sentiebat
476 2288 534 2342 lore
555 2293 584 2340 et
604 2289 689 2340 sacris
710 2289 884 2341 sermonibus
904 2288 1088 2355 operibusque
1109 2288 1210 2340 sanctis
1231 2288 1282 2341 boc
1303 2286 1377 2340 idem

153 2377 325 2440 blainilimodo
345 2393 482 2454 agentem.
495 2388 561 2450 Quia
574 2398 639 2453 ergo
661 2387 728 2438 baec
746 2386 851 2454 singula
872 2386 984 2449 sciebat,
1006 2390 1037 2437 ut
1052 2385 1118 2448 dixi,
1136 2385 1308 2438 beatissimus
1325 2386 1378 2439 iste

184 2478 289 2537 lebannes
300 2486 450 2551 unicuique
462 2484 549 2538 solere
562 2485 721 2551 contingere
731 2496 781 2549 pro
795 2485 898 2536 meritis
911 2485 977 2546 suis,
987 2485 1060 2536 celsa
1079 2483 1284 2551 dispensatione
1304 2485 1377 2537 bona

184 2591 253 2643 tuaea
264 2585 368 2650 propria
381 2583 495 2636 infantia
507 2582 602 2636 divino
615 2583 731 2635 multum
747 2582 807 2647 plus
820 2582 893 2635 dono
905 2595 988 2649 quam
1010 2581 1154 2636 bominum
1166 2583 1320 2637 eruditione
1333 2582 1377 2636 vei

184 2688 216 2730 sua
224 2683 384 2737 meditatione
403 2683 546 2748 didicerat,
567 2683 611 2748 pio
632 2683 725 2735 animo
745 2684 894 2747 veraciore,
914 2686 1008 2735 sancto
1029 2695 1113 2748 opere
1134 2683 1238 2736 scilicet
1253 2683 1375 2749 proprio,

183 2771 337 2835 indesinenter
348 2781 423 2848 quod
434 2780 542 2834 volebat
553 2779 669 2833 docebat
681 2781 818 2846 proximos
830 2781 893 2844 sibi,
909 2780 1062 2834 esurientes
1080 2780 1140 2833 sine
1153 2780 1237 2834 dubio
1248 2793 1375 2847 pascens,

150 2867 271 2932 &dilates
282 2887 388 2946 potans,
397 2881 556 2946 peregrinos
569 2880 731 2945 suscipiens,
741 2879 830 2932 nudos
838 2880 968 2944 vestiens,
982 2879 1137 2932 laborantes
1147 2880 1288 2947 adjuvans,
1301 2881 1376 2934 inva-

182 2967 229 3026 iidos
247 2979 408 3041 confortans
433 2983 544 3031 ruentes
569 2980 686 3045 erigene,
711 2991 856 3043 oppressos
880 2979 1015 3044 relevans,
1040 2978 1226 3044 periclitantes
1243 2979 1374 3045 liberans,

183 3068 281 3129 invalidos
300 3078 470 3139 confortans,
491 3082 645 3129 maerentes
665 3078 820 3129 consolans.
841 3077 915 3129 Talia
935 3079 1021 3130 ethis
1041 3078 1150 3141 similia,
1170 3078 1334 3144 quibusdam
1348 3079 1376 3131 in

181 3172 299 3244 ulnabus,
313 3177 455 3242 plerisque
467 3177 495 3227 in
518 3175 678 3240 corporibus
692 3176 818 3240 propriis,
832 3175 969 3242 aliquibus
983 3175 1011 3226 ln
1028 3176 1119 3228 anima
1132 3181 1159 3228 et
1172 3189 1255 3228 carne
1268 3177 1377 3243 propria

181 3270 310 3328 litientibus
322 3275 437 3327 adversa
449 3274 628 3339 compatiens,
642 3274 716 3326 omni
737 3287 825 3339 paene
837 3275 890 3326 ulta
909 3287 958 3325 sua
970 3273 1123 3326 secundum
1140 3274 1265 3326 uirtutem
1279 3288 1377 3328 carna-

151 3359 222 3421 iiliter
230 3379 251 3425 et
259 3375 414 3441 spiritaliter
426 3374 557 3426 auxilium
571 3375 751 3440 praeparabat
768 3374 831 3425 illis.
844 3373 1038 3439 congaudebat
1049 3386 1113 3426 vero
1131 3381 1157 3426 et
1168 3374 1377 3440 congratulaba-

177 3468 207 3516 ilt
221 3472 356 3535 plurimum
384 3473 470 3525 firmis
489 3474 633 3538 stantibus,
653 3474 761 3539 quietis,
784 3472 920 3538 felicibus,
941 3485 972 3526 ao
990 3473 1034 3539 pie
1057 3486 1105 3538 per
1126 3486 1237 3526 omnem
1262 3475 1374 3528 modurn

176 3563 313 3637 liventibus3
326 3573 509 3626 saecularium
523 3576 613 3625 tamen
626 3574 852 3639 prosperitatibus
861 3575 937 3639 juxta
950 3573 1113 3640 condignam
1124 3574 1152 3626 in
1166 3575 1373 3642 singulisrebus

176 3666 242 3723 tiiieo
252 3674 375 3737 placitam
390 3673 524 3733 rationem
537 3672 742 3725 collaetabatur.

197 3765 234 3818 to.
249 3773 376 3824 internas
397 3771 520 3822 salubres
542 3777 569 3822 et
587 3768 681 3823 vitales
702 3771 809 3822 animae
831 3773 976 3838 carnisque
989 3772 1136 3826 existentes
1156 3774 1289 3841 actiones,
1302 3788 1372 3842 quas

147 3849 308 3923 brademere
321 3883 372 3923 suo
385 3869 518 3922 efficiebat
530 3870 716 3921 sanctissimus
736 3870 884 3935 lohannes,
898 3884 932 3922 ex
945 3872 1077 3923 immensa
1091 3878 1239 3939 sanctaque
1252 3874 1371 3939 pruden-

176 3956 200 4009 iii
208 3970 291 4034 proprii
304 3970 386 4021 nimis
399 3968 552 4021 admirandi
566 3969 661 4033 animi,
675 3969 826 4034 inspirante
839 3970 863 4021 ei
877 3970 1001 4034 bomine,
1014 3970 1101 4023 edidit
1117 3985 1148 4024 ac
1161 3971 1304 4039 descripsit
1315 3979 1371 4028 tota

176 4055 213 4111 tiu
227 4077 265 4119 sua
283 4069 389 4135 prolixa
411 4081 506 4134 magna
528 4080 604 4120 sacra
626 4069 826 4134 innumeraque
845 4069 984 4122 volumina
1002 4069 1038 4123 de
1059 4084 1224 4139 unaquaque
1242 4086 1272 4126 re
1289 4074 1369 4127 saluti

176 4154 268 4230 litaeque
275 4169 417 4234 spirituum
428 4174 606 4232 etcorporum
617 4167 758 4219 bominum
771 4168 798 4219 in
809 4169 936 4220 omuibus
946 4170 1201 4236 prolatura,quibus
1211 4172 1369 4237 plenissime

176 4250 294 4319 declaratur
306 4268 423 4334 insignis
435 4266 552 4332 dignitas
565 4267 674 4318 animae
687 4278 718 4318 ac
740 4267 890 4332 sapientiae
903 4268 1088 4335 scientiaeque
1101 4270 1203 4336 ipsius3
1216 4284 1250 4323 ex
1267 4272 1368 4337 quibus

144 4343 230 4411 ⁴⁰¹iiiis
246 4365 320 4432 buius
340 4367 480 4419 studiosus
492 4379 523 4418 ae
544 4366 604 4432 plus
626 4365 720 4430 lector,
732 4367 827 4432 paucis
848 4367 889 4418 bis
910 4367 996 4433 lectis,
1010 4369 1070 4435 boc,
1084 4368 1285 4424 interveniente
1302 4375 1366 4438 lieo,

177 4447 263 4517 ionum
275 4470 337 4527 lieo,
348 4466 480 4532 optimum
494 4471 521 4517 et
532 4466 750 4530 copiosissimum
764 4465 933 4518 intellectum
947 4466 1071 4519 obtinere
1083 4472 1172 4533 potest
1183 4469 1217 4522 ad
1230 4468 1367 4523 instruen-

176 4548 288 4617 dlitttetad
309 4571 434 4618 sanctum
456 4577 523 4628 opus
535 4564 704 4617 incitandum
726 4578 755 4616 se
775 4571 857 4630 atque
877 4566 955 4618 alios.
968 4568 1034 4619 liam
1055 4567 1091 4620 ita
1108 4568 1284 4623 subtilissimo
1302 4575 1366 4623 sunt
