3082 5498
323 322 419 371 aran.
438 320 522 370 aar.
542 320 660 370 enare.
681 339 724 350 -
740 318 912 367 surenam.
932 319 957 366 1.
1044 352 1046 357 .
1191 299 1254 366 571

165 540 459 630 bobonxxvl.
483 540 608 628 (lodex
628 538 817 648 signatus
837 534 1122 626 uum.'18134.

57 753 129 806 Olim
144 757 208 806 Nor.
222 756 286 819 lca.
299 752 344 805 lat.
357 756 401 810 8l.
414 766 448 805 ex
460 753 587 805 auctione
601 751 781 803 bibliothecae
793 753 823 802 Α.
839 750 953 802 binaux.

60 855 201 907 Foliorum
214 855 272 916 aab,
287 854 357 906 meri.
370 855 573 920 (bffl‚lil><b‚l3),
587 852 725 905 columnis
738 852 819 909 binis.
835 855 962 902 exaratus
977 849 1086 902 saeculo
1101 850 1169 902 xlll.

129 952 324 1053 [Miracula
343 952 478 1031 beatae
497 951 675 1053 Virginis]
692 948 768 1049 (fol.
791 946 1009 1048 lbssl-l'lil).

58 1085 191 1139 collectio
205 1086 342 1152 sexaginta
354 1093 382 1138 et
403 1088 526 1153 quinque
546 1084 752 1147 miraculorum,
762 1094 833 1148 quae
851 1081 1056 1134 accuratissime
1069 1078 1213 1146 descripsit
1224 1079 1259 1132 cl.

24 1196 52 1235 r.
68 1185 98 1236 ll.
112 1182 248 1246 blussalla,
261 1184 390 1238 Studien
409 1199 450 1238 aa
473 1185 533 1238 den
554 1180 843 1237 mittelaltertictren
864 1178 1145 1251 Morientependen
1159 1179 1224 1232 lasc.
1240 1180 1258 1231 Ι.

27 1298 54 1349 p.
68 1283 147 1334 abib
157 1284 201 1345 (l).

188 1689 504 1780 noconxxvn.
527 1618 652 1779 corax
672 1686 862 1798 signatus
883 1711 996 1777 num.
1015 1686 1111 1777 ra.

60 1905 133 1957 Olim
146 1904 318 1957 colbertinus
329 1907 404 1971 2880,
417 1904 520 1957 deinde
533 1906 595 1972 lieg.
610 1907 640 1958 G.
653 1905 729 1957 3876.
743 1904 770 1956 o.

62 2003 202 2057 Foliorum
216 2005 273 2071 lbi,
287 2003 359 2056 meti.
372 2005 593 2069 (braunate),
605 2002 742 2056 columnis
753 2002 836 2064 binis,
850 2007 977 2054 exaratus
990 2005 1058 2053 extr.
1073 2013 1143 2053 saec.
1158 2003 1213 2053 lili.

59 2103 312 2168 Lectionarium,ut
323 2102 442 2166 vitietur,
454 2105 588 2156 ecclesiae
599 2102 767 2167 parisiensis,
777 2102 821 2154 cui
841 2107 901 2166 post
917 2101 1049 2154 lectiones
1060 2100 1181 2154 (lesama
1192 2102 1262 2153 Scri-

25 2210 107 2271 ptura
120 2210 150 2257 et
162 2204 288 2256 homilias
308 2204 460 2257 secundum
473 2203 581 2257 diversa
599 2204 664 2256 anni
679 2211 800 2269 tempora
812 2202 933 2267 adjectae
952 2209 1016 2254 sunt
1029 2201 1178 2254 nonnullae
1191 2202 1264 2256 Vitae

25 2304 209 2357 sanctorum
202 2318 229 2355 m
243 2303 376 2356 lectiones
394 2303 566 2367 distributae
581 2303 710 2355 nimirum

131 2401 170 2475 l⁰
194 2400 348 2502 [Passio]
377 2402 498 2478 sancti
471 2401 704 2478 tThomae
735 2400 830 2477 Cant
815 2398 1022 2477 tuariensis
1051 2397 1127 2498 (iol
1160 2336 1262 2473 mr,

184 2524 296 2623 libr)

55 2650 111 2703 nu
127 2651 157 2701 r.
171 2651 198 2700 r..
204 2654 291 2713 ‚.tom
304 2651 375 2702 cxc
389 2664 413 2715 p.
425 2650 527 2702 strar.

128 2730 170 2807 2⁰
196 2730 280 2809 Vita
297 2731 434 2810 beatae
452 2730 626 2809 Genovef
623 2754 668 2808 ae
681 2732 843 2831 virginis
862 2731 939 2829 (lbl.
964 2646 1067 2808 li8'-
1070 2731 1177 2831 talu.

53 2862 112 2916 leil
126 2876 173 2928 ap.
185 2864 218 2914 C:
234 2862 342 2927 llolrlen
359 2851 456 2915 arnae
476 2863 611 2930 critique
621 2875 679 2915 sar
697 2864 729 2915 ta
743 2864 792 2917 oie
810 2864 909 2917 latine
920 2864 957 2916 de
974 2864 1077 2917 sainte
1099 2864 1265 2919 Genevieue

10 2963 208 3030 (Parislbbll
223 2977 248 3027 p.
263 2964 347 3015 ebra.
361 2964 464 3015 besunt
477 2964 504 3014 in
518 2962 613 3015 codice
627 2963 721 3016 titulus
732 2971 761 3016 et
773 2977 878 3016 numm.
892 2965 971 3016 2948
988 2967 1041 3029 (op.
1055 2963 1112 3030 cit,
1127 2978 1143 3030 p
1166 2965 1262 3029 obit).

130 3058 171 3134 3⁰
197 3059 250 3136 be
270 3058 467 3136 miraculis
486 3083 586 3159 (puae
604 3060 792 3137 Dominus
811 3060 850 3135 in
876 3060 1037 3137 ecclesia
1055 3061 1260 3139 Parisiensi

182 3189 364 3281 operatus
382 3190 440 3259 est
455 3183 605 3260 meritis
619 3190 657 3259 et
675 3182 859 3284 precibus
879 3190 1034 3261 sanctae
1048 3183 1263 3262 Genovefae

179 3306 341 3406 virginis
358 3304 434 3403 (fol.
459 3305 678 3401 l3lrf-l3iill.

52 3439 223 3495 miraculum
238 3439 342 3491 scilicet
356 3438 400 3490 ed.
414 3441 478 3492 Aet.
497 3441 554 3502 SS.‚
568 3439 601 3492 ad
613 3441 640 3492 il.
654 3443 754 3504 litam,
767 3444 831 3494 torn.
855 3443 874 3498 l.
888 3455 913 3507 p.
929 3441 1028 3505 tsi-52,
1041 3439 1088 3492 setl
1106 3441 1167 3493 aliis
1180 3442 1263 3494 etali-

12 3542 136 3611 quanto
149 3538 341 3604 prolixioribus
354 3538 443 3591 verbis
456 3546 626 3592 enarratum.

57 3635 1266 3706 lncprol.QuoniamrepnareestDeooninipotentiseroireetinsipnificatione

10 3737 154 3810 pieriae
165 3735 380 3789 sanctitatis...

54 3842 117 3892 lnc.
135 3837 193 3887 btir.
206 3836 325 3888 Stemma·
336 3838 366 3888 et
376 3837 540 3901 repnantis
554 3836 585 3887 in
599 3839 760 3889 aeternam
773 3840 804 3889 et
814 3839 901 3889 nitra
914 3838 970 3890 Dei
980 3839 1099 3892 cultore
1112 3839 1265 3892 Ludooico

15 3935 176 4002 Philippi
187 3933 447 3988 christianissimi
458 3938 487 3988 et
498 3935 613 4002 pietate
620 3936 763 4001 praediti
774 3937 856 4003 repis
869 3937 937 4004 filio
951 3938 1007 3991 Dei
1018 3937 1219 4004 dispositione
1231 3938 1265 3989 in

16 4043 153 4102 Galliis
164 4044 323 4108 rapiente,
337 4042 509 4095 venerabili
520 4041 672 4109 Stephano
684 4043 812 4097 sanctae
823 4044 1021 4098 Parisiorum
1039 4045 1188 4099 ecclesiae
1205 4047 1264 4100 Deo

10 4141 170 4216 propitia
176 4141 410 4207 praesidente...

55 4328 99 4391 (l)
118 4323 215 4388 Operis
227 4323 312 4381 illius.
326 4322 415 4375 adhuc
428 4323 588 4387 imperfecti,
600 4324 654 4386 jam
670 4332 723 4375 tres
736 4324 800 4376 etliti
813 4330 877 4378 sunt
890 4327 1010 4378 fasciculi
1024 4338 1058 4378 eo
1071 4334 1193 4392 tempore
1205 4341 1260 4393 quo

15 4409 176 4472 catalogus
194 4409 244 4457 iste
259 4406 336 4472 prclo
358 4406 553 4458 subiciebatur.
568 4408 623 4458 lioo
646 4407 724 4458 adeat
745 4408 895 4461 benevolus
915 4410 1000 4461 lector
1012 4410 1057 4474 qui
1071 4409 1105 4462 ile
1126 4411 1263 4462 miraculis

18 4498 51 4548 fl.
67 4493 105 4542 rt.
120 4491 150 4539 V.
166 4489 193 4539 in
207 4489 316 4540 scriniis
330 4489 458 4540 Parisinis
470 4488 563 4540 relatis
575 4489 634 4554 (cir.
649 4489 708 4540 lntl.
721 4503 783 4556 gen.
796 4492 842 4542 SS.
855 4492 883 4542 in
897 4491 951 4543 tine
972 4493 1053 4557 buius
1065 4493 1140 4554 tomi)
1151 4493 1262 4563 amplio-

15 4587 86 4630 rem
101 4571 226 4624 notitiam
241 4571 327 4636 cupit.
