3076 5498
189 349 282 398 amn.
302 349 385 399 nna.
405 348 522 398 annis.
542 368 587 377 -
604 348 757 398 trenno,
777 349 824 397 nn
841 349 920 399 con.
942 345 1035 398 mooe.
1168 332 1231 400 381

130 560 132 572 .
146 521 213 571 Cum
227 519 332 571 interea
345 519 416 571 sacri
429 518 503 570 verbi
516 518 666 583 persistens
677 516 766 571 officio
780 517 857 571 miles
876 517 975 571 Christi
996 518 1135 571 Maurinus
1152 530 1236 585 quam

130 616 248 670 teadem
262 619 331 670 urbe
343 619 400 669 suis
417 617 656 671 adhortationibus
677 618 793 670 bomino
805 617 1020 683 commendaret,
1035 617 1132 672 relatio
1143 618 1237 685 bm'us·

130 721 135 772 l
157 733 239 773 aures
260 719 391 773 valdnani
414 720 486 786 regis
507 722 720 773 Lectoranorum
739 718 831 772 delata
851 722 900 785 est,
922 718 995 785 quod
1009 719 1099 772 omnis
1120 719 1236 771 circum·

131 820 204 886 regio
217 833 280 871 enm
292 818 396 873 liuticio
411 832 477 872 sane
490 820 589 872 comite
601 817 783 872 cbristianum
800 818 878 884 sequi
893 818 990 885 dogma
1003 817 1151 871 videretur.
1165 819 1236 870 llaec

133 932 179 970 rex
192 925 220 970 et
232 919 316 971 nimia
336 924 476 984 permotus
497 919 648 984 iracundia,
665 919 747 970 missa
769 919 900 972 continuo
915 919 944 971 in
957 918 1055 972 urbem
1068 921 1235 971 armatorum

130 1017 249 1070 luticium
263 1017 298 1069 ad
311 1030 340 1070 se
352 1018 479 1070 accersiri
490 1018 578 1085 jubet,
592 1022 682 1070 mente
702 1021 871 1083 pertractans
888 1016 1005 1084 qualiter
1026 1016 1237 1070 christianorum

130 1115 233 1168 mditus
246 1129 279 1168 ex
292 1115 388 1169 eadem
402 1117 470 1169 urbe
479 1129 567 1183 usque
579 1117 612 1169 ad
626 1116 845 1169 internecionem
858 1114 970 1169 deleret.
984 1118 1015 1168 ln
1027 1114 1123 1169 eadem
1135 1115 1236 1183 quippe

130 1215 213 1268 inruit
231 1216 344 1282 angelus
365 1217 472 1268 Domini
493 1216 617 1268 llaurino
630 1219 665 1295 ,et
682 1216 751 1268 dixit
763 1216 787 1269 ei
801 1232 807 1268 :
828 1216 917 1282 Vade,
931 1215 1071 1282 inquiens,
1084 1214 1119 1268 in
1132 1213 1236 1269 urbem

130 1314 339 1382 muctarem,
354 1315 389 1366 in
409 1327 469 1382 aaa
497 1304 680 1369 Vatdnanae
696 1328 755 1368 ren
769 1327 915 1382 praeesse
935 1314 1069 1368 videtur.
1083 1313 1132 1368 rbi
1141 1314 1238 1368 etiam

130 1428 143 1465 c
152 1415 279 1479 patrem
291 1416 380 1466 mam
392 1415 466 1467 ante
478 1414 569 1466 illias
583 1414 714 1479 tyranni
725 1413 841 1468 notiam
853 1414 987 1480 capitali
996 1427 1072 1467 moa
1082 1412 1237 1468 cernentia

130 1513 162 1565 ei
186 1511 380 1580 consessione
396 1513 604 1580 pariendum.
633 1513 753 1581 Veram,
775 1514 874 1581 inquit,
891 1516 964 1581 pon
990 1515 1136 1567 cornetum
1160 1511 1239 1567 inibi

130 1611 397 1678 apraedicationis
409 1611 544 1678 officiam
556 1615 586 1665 et
598 1613 700 1679 ipram
713 1614 742 1665 te
753 1614 874 1678 oportet
884 1612 918 1665 in
935 1612 1040 1667 eodem
1059 1613 1122 1666 loco
1133 1610 1238 1666 subire

130 1711 210 1763 inm.
224 1710 288 1777 Epo
299 1711 383 1764 enirn
395 1711 490 1765 adero
502 1712 571 1764 aaa
582 1711 708 1765 itineris
720 1712 776 1766 nai.

130 1823 243 1876 gressus
256 1810 348 1876 itaque
360 1811 499 1864 llaurinus
511 1812 608 1865 urbem
621 1813 858 1876 praenominatam
870 1813 1020 1878 Lectoram,
1033 1824 1096 1864 cum
1109 1810 1238 1865 omnibus

135 1911 206 1962 ritae
223 1909 403 1975 praedicaret,
417 1911 451 1962 ab
469 1911 670 1976 apparitoribus
683 1916 835 1978 correptus,
856 1915 921 1964 ante
941 1915 1119 1977 conspectum
1136 1910 1237 1976 iudicis

130 2015 182 2060 atus
194 2015 244 2060 est.
258 2012 343 2073 Quem
357 2023 412 2074 rex,
426 2009 525 2063 sedens
537 2023 586 2075 pro
608 2009 748 2071 tribunali,
763 2010 805 2062 bis
817 2011 905 2075 primo
920 2011 1051 2076 juvenem
1069 2008 1184 2063 adorsus
1196 2013 1238 2062 est

131 2120 157 2157 m
170 2108 332 2174 ambagibus
346 2125 352 2160 :
370 2107 472 2175 Capias,
485 2108 584 2175 inquit,
598 2108 762 2175 retipionis
782 2108 864 2162 ritus
883 2109 1044 2176 exequeris
1057 2107 1178 2163 edicito.
1193 2108 1241 2162 cul

130 2207 259 2259 laurinus
271 2212 428 2260 constanter
440 2208 582 2274 respondit
595 2223 601 2260 :
617 2210 660 2262 De
671 2209 831 2276 retipione,
842 2209 889 2273 ait,
899 2221 960 2276 aaa
970 2221 1019 2263 me
1029 2207 1240 2276 interropaeti,

131 2304 165 2356 di
175 2306 260 2359 ratio
273 2305 335 2359 icta
343 2306 501 2373 probatur
513 2320 577 2360 ease
589 2308 765 2362 bairaima.
780 2309 876 2362 Deam
894 2308 978 2361 enirn
995 2307 1242 2377 omnipotentem,

130 2405 289 2468 caetieest,
304 2404 405 2470 ipsam
426 2407 517 2459 credo
536 2409 568 2459 et
586 2406 725 2474 fideliter
745 2407 933 2474 ador03qai
952 2419 1045 2461 verns
1065 2408 1243 2461 Dearertet

130 2504 167 2557 bo
179 2517 235 2558 arao
247 2505 369 2558 creavit
385 2506 534 2559 universa
554 2520 633 2574 qaae
651 2507 685 2559 in
711 2509 797 2561 caelo
811 2510 841 2561 et
860 2520 940 2575 qaae
959 2508 1096 2562 interra
1116 2507 1243 2563 condita

130 2605 215 2669 cajus
237 2604 411 2658 aeternitas
434 2607 523 2660 nnita
547 2619 692 2673 umquam
716 2609 838 2662 saeculo
863 2607 1017 2675 incipiens
1040 2607 1158 2660 desinit
1177 2619 1245 2661 esse

130 2706 163 2766 rt,
177 2704 229 2757 sed
244 2718 326 2757 anta
345 2705 485 2772 idemque
504 2706 693 2760 immortalis
707 2709 889 2775 perseverat
901 2707 935 2759 in
954 2707 1140 2761 saeculata
1157 2707 1245 2773 malac

130 2803 393 2871 tornineparataa
404 2818 474 2858 snm
486 2819 549 2860 non
565 2806 653 2860 modo
669 2809 957 2872 tormentaverunt
975 2805 1070 2860 etiam
1089 2808 1118 2859 et
1135 2805 1246 2860 atortie

130 2914 163 2952 ra
177 2900 309 2955 libenter
320 2903 470 2968 eaperiri.
1276 2968 1279 2973 Ι

130 3014 164 3053 ec
177 3001 293 3053 audiens
306 3015 370 3054 vero
384 3015 429 3054 rox
443 3008 470 3054 et
480 3003 595 3056 nimium
609 3011 786 3070 exasperatus
798 3005 908 3071 juvenis
919 3005 1154 3070 responsionibus,
1168 3003 1241 3056 liuti-

130 3101 152 3151 bi
166 3100 302 3159 exbiberi,
323 3102 475 3155 Mancinum
498 3115 562 3155 vero
580 3103 698 3156 carceris
715 3104 794 3168 jubet
814 3102 936 3156 custodia
957 3103 1117 3168 mancipari.
1140 3104 1172 3154 tlt
1194 3102 1242 3155 ubi

130 3213 149 3250 ts
161 3201 189 3251 in
203 3205 350 3265 conspectu
364 3202 423 3266 eJus
436 3202 532 3255 luisset
549 3202 679 3268 liuticios,
692 3216 754 3254 cum
768 3202 844 3254 nulla
857 3207 950 3268 posset
962 3200 1122 3268 persuaderi
1136 3201 1243 3255 ratione

130 3304 218 3363 :oopto
233 3299 371 3366 religionis
383 3301 557 3367 aliquatenus
567 3302 706 3368 proposito
720 3302 869 3366 laxaretur,
883 3301 972 3368 gladio
987 3314 1051 3353 eum
1063 3299 1242 3354 animadverti

130 3398 266 3450 tecollatus
279 3403 319 3450 est
331 3405 422 3452 autem
439 3401 496 3466 ipse
521 3406 547 3452 et
568 3402 697 3453 universa
720 3400 817 3452 domos
840 3402 899 3466 ejus
920 3400 1033 3465 familia,
1055 3411 1125 3466 quos
1146 3412 1243 3452 omnes

130 3498 238 3550 issionis
258 3499 343 3565 gratia
377 3500 411 3552 ab
431 3500 568 3552 servitutis
590 3501 707 3554 absolvit
727 3499 809 3563 nodo,
833 3500 1022 3566 septingentae
1048 3499 1106 3551 iere
1132 3503 1158 3551 et
1181 3503 1244 3551 octo

133 3598 279 3661 promiscui
292 3599 364 3650 sexis
378 3614 384 3649 :
399 3600 445 3664 qni
459 3613 555 3652 omnes
569 3601 597 3652 in
618 3600 790 3653 confessione
811 3598 911 3652 cbristi
932 3604 1149 3664 perseverantes,
1161 3599 1241 3665 jussu

140 3696 209 3759 regis
222 3696 348 3749 trucidati
363 3704 436 3749 sunt.
452 3700 574 3760 Quorum
587 3711 701 3764 corpora
714 3698 825 3765 quidam
836 3698 1047 3751 christianornm
1057 3697 1142 3751 multo
1152 3697 1246 3750 labore

131 3794 177 3856 ,in
191 3794 326 3859 sepulcris
337 3807 367 3847 ea
381 3803 573 3860 reposuerunt.
588 3798 708 3850 Audiens
728 3810 792 3850 vero
817 3798 883 3850 baec
904 3798 932 3848 in
951 3809 1063 3850 carcere
1082 3796 1246 3849 constitutus

130 3904 185 3943 mus
197 3893 295 3944 Cbristi
308 3893 386 3945 miles
403 3896 553 3956 llaurinus,
575 3897 648 3962 quod
669 3897 795 3949 videlicet
816 3902 895 3963 pater
915 3897 1001 3963 ipsius
1025 3908 1134 3948 necnon
1147 3901 1173 3947 et
1185 3895 1245 3947 uni·

130 4003 202 4044 rmus
215 3993 274 4057 ejus
286 4006 335 4057 pro
349 3993 446 4046 Cbristi
463 3996 574 4048 nomine
588 3997 716 4063 martyrio
729 3997 855 4050 coronari
868 3995 1144 4062 meruerunt,gaudio
1159 3995 1245 4061 reple-

130 4103 230 4156 nagno,
244 4092 391 4157 gratiarum
406 4095 459 4145 lleo
473 4095 594 4147 actiones
606 4101 633 4148 et
646 4100 706 4149 vota
717 4096 887 4162 persolvens.

130 4191 219 4240 nterea
233 4189 407 4253 praedicante
427 4197 522 4244 sancto
537 4192 662 4245 llaurino
683 4193 826 4259 populum,
848 4194 895 4260 qui
918 4194 951 4246 ad
973 4206 1036 4246 eum
1058 4205 1107 4258 per
1118 4191 1178 4244 dies
1190 4192 1246 4243 sin·

130 4300 145 4338 n
171 4288 287 4340 vinculis
310 4289 427 4354 positum
453 4291 618 4354 continebat,
641 4293 711 4343 inter
730 4292 798 4345 alios
819 4293 900 4344 etiam
922 4304 991 4358 quos
1011 4292 1093 4345 variis
1119 4290 1245 4344 obsessos

130 4387 191 4438 ibus
213 4387 283 4439 lacto
306 4400 388 4452 super
410 4401 456 4440 eos
477 4395 586 4443 sanctae
599 4391 688 4444 crucis
711 4391 849 4456 signaculo
871 4393 900 4442 in
923 4392 1034 4444 nomine
1053 4394 1119 4444 lesu
1139 4390 1242 4442 Gbristi

130 4524 137 4544 ,
152 4484 263 4550 quidam
277 4486 309 4537 ad
323 4499 387 4538 eum
398 4488 479 4540 bomo
491 4491 600 4541 venisse
614 4491 642 4541 in
664 4502 800 4542 carcerem
815 4490 983 4556 perhibetur,
1002 4490 1048 4556 qui
1060 4490 1094 4543 ad
1107 4490 1166 4556 ejus
1179 4501 1244 4542 mox

132 4583 284 4650 rovolutus,
297 4585 336 4637 sic
350 4586 387 4638 ait
400 4599 407 4637 :
420 4587 576 4654 Miserere,
590 4601 712 4655 quaeso,
724 4588 814 4652 mibi,
827 4601 913 4642 ceree
925 4587 982 4642 Dei
991 4589 1116 4656 eacelat,
1135 4600 1239 4642 name
