3082 5498
202 101 265 167 140
550 124 676 175 caran.
695 127 797 178 cono.
816 129 990 180 naeroon.
1010 130 1091 182 nur.

198 293 257 359 ejus
270 291 395 360 migravit
407 305 422 346 a
434 293 553 347 saeculo.
568 297 644 348 Pater
657 297 732 348 enirn
744 297 828 363 illius,
841 297 987 352 defunctae
1001 299 1096 353 matris
1107 300 1169 367 plus
1181 314 1271 369 aequo
1283 301 1436 358 condolens

200 393 270 457 neci,
284 392 318 472 ab
330 391 387 445 ullo
401 392 490 445 noluit
502 394 648 448 consolari.

231 494 263 545 4.
277 495 391 546 bernuin
404 504 469 545 vero
482 492 517 545 ad
528 492 640 546 beatum
662 497 795 550 taronem
807 497 981 565 perveniens,
994 511 1106 554 omnem
1127 501 1182 554 virn
1195 500 1302 555 doloris
1317 502 1344 555 ei
1362 507 1436 568 pale·

199 592 302 646 lecerat
313 605 395 660 quern
406 605 441 646 ex
451 594 569 647 amissae
578 596 713 648 contraxit
722 595 855 649 absentia.
870 599 968 650 Beatus
978 597 1070 666 itaque
1082 601 1150 653 Faro
1161 600 1362 654 multisverbis
1373 613 1437 654 eon-

200 694 303 748 solatus
313 698 354 746 est
364 707 438 759 curn,
448 700 475 747 et
487 695 554 760 ipse,
565 694 718 749 velutbona
727 702 800 749 terra
813 709 917 764 semen,
931 699 1127 752 consolationis
1135 699 1251 753 verbum
1264 700 1433 766 suscipiens,
1451 703 1469 754 5

200 795 286 847 laetus
297 793 409 848 domurn
422 793 512 861 rediit,
522 807 571 860 pro
583 796 708 863 conjugis
717 795 864 849 amissione
875 798 929 850 lieo
940 797 1041 864 gratias
1052 810 1145 866 agens.
1158 801 1260 852 lterum
1272 802 1366 852 autern
1376 799 1434 865 jam

200 893 288 946 dictus
300 894 445 960 episcopus
458 895 566 947 vocavit
579 894 612 947 ad
627 908 656 948 se
676 895 786 948 beatum
800 895 988 950 Hildevertum
1000 903 1028 950 et
1048 897 1117 950 dixit
1128 899 1152 951 ci
1166 914 1173 950 ε
1187 897 1353 966 Numquid
1369 911 1434 953 non

199 992 291 1060 noch,
303 991 417 1061 frater,
433 994 514 1060 quod
526 995 677 1047 Dominus
693 993 846 1060 cbristus,
860 1008 930 1049 cum
941 996 1027 1050 dives
1039 1000 1126 1065 esset,
1135 1009 1263 1065 pauper
1268 1009 1334 1065 pro
1344 997 1434 1052 nobis

199 1095 273 1163 fieri
283 1094 434 1161 clipeatus
445 1098 500 1163 cst,
508 1108 683 1164 pauperem
689 1110 752 1164 pro
765 1111 797 1150 se
810 1096 943 1152 bostium
955 1100 1272 1165 commortuum
1284 1112 1344 1154 moe
1350 1112 1434 1166 pau·

191 1197 316 1262 perlate
328 1195 446 1248 ditaret
457 1193 507 1248 bic
519 1194 583 1262 fide
595 1199 624 1248 et
637 1197 706 1251 illic
717 1198 808 1264 repul
825 1198 969 1252 caelestis
980 1197 1162 1263 hereditate,
1169 1211 1271 1271 ‚quem
1277 1198 1432 1266 prmnmit
1452 1201 1514 1266 υ,

195 1295 398 1360 dilabentibus
418 1295 569 1349 seleucii
589 1309 638 1349 me
657 1299 687 1350 et
705 1309 821 1350 mernor
836 1300 899 1352 esto
918 1297 1004 1350 verbi
1022 1296 1184 1364 dominici,
1205 1309 1265 1364 quo
1286 1297 1431 1352 dicitur:

197 1410 212 1439 κ
226 1393 284 1452 dul
296 1394 517 1461 omnipatrem
529 1396 585 1447 aut
595 1395 728 1447 matrem
741 1397 799 1448 aut
810 1407 940 1448 umorem
952 1397 982 1448 et
993 1397 1178 1463 ceteraplue
1190 1407 1286 1462 quom
1298 1407 1358 1462 me,
1370 1407 1433 1449 uon

196 1495 241 1546 est
262 1504 309 1545 me
321 1492 436 1560 dabone
448 1511 472 1561 o,
486 1493 550 1547 aloc
563 1511 571 1547 :
584 1512 599 1540 α
615 1493 674 1552 Qui
690 1506 753 1547 uon
774 1494 940 1547 renuntiat
951 1493 1094 1548 omnibus
1104 1506 1184 1561 quoe
1199 1494 1355 1561 possidet,
1367 1506 1430 1549 uon

191 1594 391 1660 potesirncus
402 1605 469 1647 cose
480 1593 657 1660 discipulus
669 1611 693 1661 o,
706 1596 736 1647 et
749 1610 755 1646 :
770 1613 783 1640 α
801 1593 890 1661 Vade,
904 1595 1039 1648 vendens
1057 1595 1163 1649 munia
1174 1607 1254 1662 quam
1267 1592 1375 1660 babes,
1388 1595 1429 1647 du
1490 1643 1534 1676 ,ἱ

191 1693 387 1762 pauperibus
397 1696 427 1746 et
435 1692 557 1747 hebebis
567 1692 750 1747 thesaurum
763 1693 798 1746 in
809 1695 903 1748 caelo.
914 1713 930 1742 o
942 1696 975 1746 lit
984 1695 1066 1761 paulo
1076 1697 1137 1761 post
1148 1694 1246 1748 beatus
1257 1693 1430 1747 llildcvcrtus
1438 1716 1493 1763 Q
1530 1753 1541 1778 ¹

45 1783 56 1803 '
84 1781 140 1836 ³50·
201 1794 345 1847 missarum
359 1794 504 1847 sollemnia
514 1795 570 1861 jani
594 1794 668 1847 dicto
680 1793 768 1860 paul·
781 1795 901 1862 episcopi
912 1797 990 1862 jussu
1003 1794 1160 1848 celebravit.
1174 1794 1279 1859 Quibus
1293 1794 1346 1847 rite
1359 1806 1455 1847 com
1531 1852 1537 1876 Ι

200 1893 290 1960 pletis,
313 1893 478 1946 valefaciens
499 1895 524 1947 ei
545 1895 641 1948 beatus
662 1894 775 1947 antistes
795 1894 899 1947 dimisit
917 1908 992 1960 eum,
1016 1894 1169 1961 deprecans
1189 1899 1221 1947 ut
1241 1893 1529 1976 ingredereturQ

200 1993 396 2047 monasterium
406 1994 463 2061 jugi
487 1997 541 2047 lieo
554 1994 737 2047 famulaturus
749 1996 893 2062 obsequio,
905 1996 981 2062 juxta
994 1994 1073 2061 illud,
1086 1995 1160 2063 quod
1179 1994 1315 2061 scriptum
1326 1997 1387 2047 est:
1409 2001 1447 2017 “
1540 2058 1541 2062 ¹

199 2093 267 2160 quis
281 2094 347 2146 molt
355 2096 429 2160 post
440 2106 488 2146 mc
507 2094 622 2160 venire,
636 2093 764 2160 nbuepet
774 2094 985 2163 centenitatem,
998 2098 1028 2147 et
1047 2095 1137 2148 tollat
1149 2105 1276 2148 crucem
1287 2106 1387 2160 suant,
1399 2104 1525 2166 Q
1539 2156 1541 2161 .

199 2195 349 2260 sequatur
360 2205 416 2245 mc.
431 2193 654 2260 Cumqueomnia
669 2192 848 2255 vendidisset,
863 2194 933 2246 siout
945 2207 976 2246 ex
986 2194 1077 2246 verbis
1086 2192 1276 2258 superioribus
1285 2191 1504 2259 didicera-

200 2292 297 2348 affectu
318 2295 436 2346 eximiae
456 2293 575 2345 caritatis
598 2293 765 2359 pauperibus
788 2295 917 2360 erogavit,
932 2307 987 2347 non
1008 2298 1038 2346 ut
1058 2293 1168 2360 propria
1190 2291 1321 2359 largiens
1334 2290 1383 2344 sed
1399 2304 1425 2315 “

200 2393 289 2446 aliena
302 2391 473 2458 dispensans.
484 2392 587 2457 Quibus
600 2392 636 2444 ita
648 2393 740 2458 gestie,
751 2392 891 2458 ingressus
902 2397 943 2445 est
956 2393 1164 2458 monasterium,
1177 2396 1205 2444 et
1217 2389 1258 2444 sic
1271 2391 1345 2444 vitae
1353 2403 1386 2456 pe

199 2507 266 2561 gens
279 2507 399 2556 cursum,
413 2493 538 2561 migravit
550 2492 584 2546 ad
597 2493 752 2557 bominum,
766 2506 829 2545 cnm
850 2505 905 2559 quo
917 2493 1057 2546 laureatus
1068 2491 1169 2560 gaudet
1178 2491 1207 2543 in
1217 2489 1328 2543 saecule
1337 2501 1487 2547 saeoe

200 2593 298 2646 lorum.

233 2693 264 2745 5.
278 2693 361 2759 igitur
373 2696 433 2757 post
444 2691 547 2744 obitum
569 2691 640 2743 beati
662 2691 775 2743 daronis
796 2690 977 2757 llildevertus,
990 2690 1031 2743 vir
1043 2689 1089 2742 liei
1101 2689 1186 2757 gratia
1200 2687 1496 2755 prouenerint:
1510 2708 1535 2746 «o

200 2794 288 2860 palem
302 2793 460 2846 cathedram
476 2799 516 2846 est
528 2793 652 2858 adeptus,
667 2793 763 2844 Factus
776 2797 816 2844 est
828 2792 948 2858 denique
965 2791 1109 2856 episcopus
1129 2787 1303 2854 heliudium,
1316 2787 1383 2840 cleri
1393 2800 1538 2845 <zo

201 2910 261 2950 rum
282 2901 309 2947 et
330 2894 465 2947 bonorum
488 2891 609 2945 virorum
628 2904 715 2957 paene
734 2892 858 2944 omniurn
882 2890 929 2957 qui
948 2888 1084 2943 alluerant
1098 2892 1240 2942 'consensu
1258 2892 1287 2940 et
1302 2885 1489 2939 consili
1508 2901 1525 2954 o,

198 2995 274 3062 Quod
287 3000 378 3047 autem
392 2998 484 3045 mente
498 2991 625 3053 eredidit,
637 2998 664 3043 et
684 2991 775 3044 verbis
795 2991 888 3043 docuit
907 2996 935 3043 et
954 3002 1037 3055 opere
1055 2986 1209 3053 complevit.
1223 2985 1407 3051 Fuituaqne
1455 2983 1517 3038 jn

198 3093 363 3159 elemosynis
375 3093 477 3159 largus,
491 3092 519 3143 in
532 3090 631 3158 uigiliis
644 3089 764 3153 sedulus,
778 3091 807 3142 in
819 3090 945 3142 oratione
958 3088 1084 3150 devotus,
1100 3088 1129 3140 in
1145 3086 1260 3140 caritate
1279 3083 1435 3151 perlecta:
1467 3092 1501 3143 ³,

197 3197 226 3248 in
240 3192 410 3246 humanitate
431 3192 571 3256 profusus,
584 3191 612 3242 in
633 3189 757 3243 doctrina
769 3190 943 3254 praecipuus,
957 3190 985 3240 in
998 3200 1128 3241 sermone
1141 3185 1312 3252 praeclarus,
1325 3183 1354 3236 in
1366 3186 1491 3234 0017·
1500 3184 1525 3236 td

196 3293 373 3361 verslatbone
394 3291 592 3344 sanctissimus.
608 3290 797 3342 sinceritatem
821 3290 922 3342 mentis
934 3290 1025 3342 vultus
1036 3288 1079 3340 sui
1097 3286 1246 3341 serenitate
1259 3275 1478 3337 monstrabflt

197 3400 224 3447 et
236 3393 365 3459 pietatem
387 3391 594 3445 clementissimi
617 3389 708 3442 cordis
728 3388 891 3442 ostendebat
911 3389 940 3440 in
962 3388 1074 3441 lenitate
1087 3384 1232 3438 sermonis,
1246 3366 1462 3449 Quicquidad

197 3493 312 3545 salutem
326 3492 464 3557 pertinere
478 3489 611 3556 potuisset
624 3493 774 3553 aeternam,
788 3500 844 3540 non
866 3487 958 3539 minus
969 3486 1100 3552 implebat
1112 3496 1226 3551 operum
1241 3480 1334 3535 studio
1345 3491 1434 3547 quan!

199 3591 333 3645 sermonis
345 3588 549 3657 praedicatione
561 3587 684 3641 docebat.

232 3693 262 3745 o.
279 3693 385 3743 lntcrea
407 3688 546 3741 invidebat
567 3688 695 3753 antiquus
717 3687 763 3739 ille
783 3700 895 3751 serpens
913 3693 940 3738 et
957 3685 1120 3738 insatiabilis
1132 3684 1214 3749 lupus
1228 3681 1357 3734 felicibus
1365 3682 1417 3748 ejus
1439 3665 1469 3727 35

199 3791 313 3854 actibus,
327 3796 354 3841 et
366 3801 448 3854 quern
461 3787 533 3839 bene
544 3792 618 3839 stare
632 3786 748 3852 viderat,
763 3786 927 3838 maledicere
941 3790 987 3838 aut
999 3796 1089 3850 perse
1106 3787 1153 3835 aut
1174 3793 1222 3847 per
1234 3780 1305 3834 alios
1316 3779 1420 3834 festina·

199 3893 252 3943 bat.
268 3889 407 3956 Siquidem
421 3886 492 3940 baud
508 3888 587 3954 longe
599 3886 633 3939 ab
644 3887 713 3938 urbe
725 3885 857 3939 bleldensi
870 3884 1022 3937 nabebatur
1034 3882 1145 3936 basilica
1158 3881 1186 3932 in
1199 3881 1306 3933 bonore
1318 3885 1422 3935 sanctae

199 3990 288 4043 crucis
302 3994 468 4052 constructa,
482 3989 577 4053 inqua
591 3987 664 4038 beati
677 3986 789 4039 Faronis
802 3985 926 4050 ejusdem
944 3983 1021 4037 urbis
1033 3981 1154 4049 episcopi
1173 3992 1274 4046 corpus
1287 3977 1425 4045 quondam
1489 4014 1501 4033 .-

199 4089 361 4142 tumulatum
383 4087 488 4153 luerat;
503 4087 531 4138 in
550 4086 628 4152 cujus
648 4085 774 4138 videlicet
795 4084 864 4137 atrio
886 4096 945 4136 mos
963 4081 1145 4135 lteldensium
1163 4084 1223 4133 crat
1239 4084 1296 4131 tarn
1314 4077 1427 4134 divitum

199 4201 281 4256 quarn
294 4193 320 4240 et
333 4199 482 4253 pauperum
504 4186 602 4238 lunera
623 4184 749 4250 sepelire,
762 4189 790 4237 et
803 4183 838 4235 de
857 4183 914 4235 suis
926 4181 1099 4235 facultatibus
1110 4179 1198 4233 eidem
1217 4177 1354 4233 eeclesiae
1365 4191 1429 4234 eon·
1445 4183 1470 4237 tt

199 4287 326 4340 ferebant
337 4291 419 4352 prout
431 4285 546 4338 facultas
559 4284 708 4350 unicuique
729 4283 899 4349 suppetebat.
914 4282 966 4335 Sed
988 4282 1118 4349 quoniam
1141 4279 1248 4346 abipso
1269 4279 1372 4335 mundi
1384 4287 1434 4352 pri·

199 4387 306 4441 mordio
320 4398 374 4440 non
387 4385 535 4439 defuerunt
546 4384 592 4451 qui
606 4384 743 4439 bonorum
756 4383 900 4438 bominum
909 4382 1015 4436 actibus
1027 4393 1181 4450 corumque
1192 4380 1276 4434 bonis
1289 4393 1306 4435 a
1318 4383 1438 4444 lionrino
1523 4396 1533 4429 κ
