3076 5498
255 312 350 361 amu.
368 310 451 361 nur.
470 284 587 361 annus.
608 330 652 340 -
668 309 822 360 nerano.
843 309 889 358 uo
905 306 983 357 coo.
1005 303 1095 356 irato.
1246 287 1291 353 25

90 482 219 548 inquorum
231 479 362 533 sensibus
380 479 552 533 redundabat
571 479 661 545 ipsum
680 477 761 530 letale
778 477 862 543 virus,
876 479 1003 528 euocatus
1024 479 1135 527 sanctus
1158 472 1290 537 ileletius,

91 582 214 646 patrimcha
226 580 422 646 Antiocheam,
436 592 498 631 cum
512 577 685 632 festinatione
697 576 818 643 perrexit
830 575 864 628 ad
877 575 974 628 urbem
984 573 1246 637 constantinopolim
1257 571 1291 624 ad

92 681 226 747 praedictam
245 680 385 734 haeresim
404 677 659 743 exterminandam
681 683 707 729 et
723 675 825 729 ibidem
843 678 1014 742 praesentem
1033 672 1132 727 liniens
1152 673 1244 735 uitam,
1257 671 1291 725 ad

91 789 219 848 perpetuam
234 781 358 848 peruenit
375 780 469 833 vitam.
482 777 689 833 Diffundebatur
708 783 798 831 autem
813 776 928 828 nimium
941 776 1022 841 longe
1033 773 1142 841 lateque
1154 772 1226 826 lama
1242 772 1294 826 rir-

65 885 156 935 turon
172 882 255 934 sancti
277 881 461 947 curysostomi
481 879 613 934 iohannis
627 893 675 944 per
693 891 741 931 ora
761 877 896 942 omnium,
909 874 1095 928 crescentibus
1114 873 1173 940 ejus
1194 873 1295 926 sanctis

91 979 170 1032 meritis
187 978 220 1031 de
242 978 287 1044 die
309 979 337 1030 in
355 977 439 1030 diem.
453 978 502 1041 Qui
524 984 667 1043 postquam
689 975 842 1042 praedictos
862 975 986 1040 quinque
1006 986 1094 1026 annos
1116 972 1144 1024 in
1166 971 1293 1026 diaconio

91 1085 162 1132 uncte
172 1078 310 1144 transegit,
323 1076 465 1130 ordinatus
477 1083 519 1130 est
531 1076 673 1143 presbyter
685 1088 700 1129 a
713 1074 851 1140 Flaviano,
864 1073 1023 1126 Antiochiae
1041 1085 1121 1139 papa,
1135 1084 1294 1125 successore

92 1177 277 1241 saucdileletii3
291 1176 365 1244 quod
386 1176 569 1229 sacerdotium
591 1174 679 1227 tenuit
698 1179 740 1227 ter
752 1180 870 1240 quatuor
882 1186 979 1239 annos,
991 1172 1111 1225 sanctius
1133 1183 1183 1238 per
1203 1170 1295 1225 omnia

91 1275 162 1329 uirens
171 1281 291 1343 tractatu,
304 1288 432 1329 sermone
444 1280 471 1328 et
483 1279 554 1340 actu,
569 1275 620 1326 sibi
633 1286 664 1327 ac
677 1273 817 1339 proximis.

10 1386 12 1397 ·
56 1374 79 1425 ll
118 1373 312 1427 13.iuterhaec
325 1373 453 1427 dormivit
465 1374 494 1425 in
507 1372 621 1426 bomine
633 1372 807 1425 beatissimus
819 1371 957 1424 llectarius
975 1368 1293 1434 constantinopolitanus

35 1471 37 1474 ⁴
92 1472 215 1540 episcopus,
236 1481 263 1528 et
283 1474 470 1541 quaerebatur
490 1487 505 1526 a
526 1473 632 1525 cunctis
652 1472 757 1524 civibus
774 1471 860 1537 ipsius
879 1449 1025 1537 urbis'qui
1043 1470 1156 1523 deberet
1175 1469 1238 1537 eligi
1258 1469 1293 1522 ad

92 1573 280 1627 cohaerendum
302 1586 351 1639 pro
370 1586 403 1626 eo
424 1573 539 1626 antistes
557 1573 591 1625 ad
612 1571 699 1625 divini
718 1571 807 1639 gregis
834 1570 958 1624 salutem.
980 1573 1056 1623 Tunc
1077 1569 1220 1636 aliquanti,
1233 1567 1292 1621 sole

92 1673 185 1735 penendi
197 1674 308 1726 nemine
328 1673 390 1737 riri,
403 1671 451 1725 sed
473 1685 529 1726 uon
550 1672 601 1724 uiri
613 1672 722 1737 uirtute,
740 1671 890 1738 presbyteri
909 1670 943 1723 ab
965 1669 1123 1723 hominibus
1141 1668 1292 1733 constituti,

93 1770 127 1822 sed
137 1778 199 1826 tanto
211 1773 314 1840 talique
326 1773 431 1826 bonore
442 1771 557 1840 indigni,
571 1772 758 1838 pontificatum
776 1772 901 1826 obtinere
922 1770 1120 1833 desiderantes,
1132 1769 1293 1822 accedentes

56 1867 80 1918 ¹5
92 1865 118 1918 td
130 1883 303 1938 quoscumque
317 1875 450 1938 potentes,
464 1870 548 1923 multa
561 1875 588 1923 et
599 1883 696 1938 magna
715 1883 830 1922 munera
842 1869 1039 1935 promittebant
1051 1880 1081 1920 se
1093 1880 1153 1920 esse
1169 1866 1292 1932 daturos,

92 1966 157 2022 tillet
168 1972 316 2036 praesentia
338 1968 412 2024 dona
430 1967 581 2023 offerebant
593 1970 656 2037 illis,
670 1975 796 2038 rogantes
813 1969 913 2037 singuli
931 1968 1052 2036 adjuvari
1065 1981 1094 2020 se
1111 1967 1145 2020 ab
1163 1968 1202 2019 eis
1221 1965 1293 2033 apud

89 2065 256 2136 inperatorem
274 2070 419 2124 Arcadium
433 2075 459 2123 et
479 2075 637 2136 praesentes
658 2071 799 2136 episcopos
811 2083 842 2122 ac
862 2067 986 2122 residuos
998 2081 1096 2121 omnes
1106 2080 1157 2133 pro
1178 2067 1229 2120 hac
1251 2080 1291 2121 re.

87 2165 236 2222 drthodoxus
253 2182 319 2222 vero
331 2170 447 2235 quisque
459 2169 567 2222 curiose
580 2170 754 2236 perquirebat
771 2170 859 2222 virum
878 2173 971 2234 aptum
984 2171 1038 2220 lieo
1055 2173 1081 2220 et
1093 2167 1250 2220 hominibus
1262 2180 1292 2220 se

84 2267 238 2322 exhibentem
248 2269 398 2335 peremnia
408 2269 441 2321 ad
451 2269 672 2322 constituendum
683 2269 851 2335 pontificem.
864 2271 921 2333 Quo
934 2271 1057 2334 tempore
1069 2272 1129 2333 post
1144 2269 1293 2334 Augustum

33 2367 64 2419 Ab
80 2368 174 2421 tenebat
191 2368 388 2435 rempublicam
410 2369 556 2435 Eutropius
579 2368 674 2435 spado,
687 2368 871 2421 cubicularius
894 2374 921 2421 et
943 2381 1035 2422 comes
1059 2367 1225 2433 imperialis;
1245 2367 1292 2433 qui

75 2467 219 2521 etintendit
230 2467 353 2520 studiose
364 2469 474 2520 beatum
488 2469 641 2521 iohannem
655 2470 771 2534 propriis
789 2469 880 2521 verbis
892 2469 920 2520 in
939 2468 1011 2535 regia
1023 2468 1092 2521 urhe
1113 2468 1219 2520 cunetis
1236 2465 1294 2519 ido·

69 2579 147 2620 neum
159 2568 273 2621 sollicite
299 2568 494 2633 quaerentibus
516 2568 616 2620 habere
628 2568 678 2620 sibi
698 2573 840 2622 rectorem.
855 2571 1033 2622 innotuerant
1054 2572 1162 2621 sanctae
1180 2565 1295 2619 virtutes

64 2666 135 2720 beati
145 2667 278 2720 iohannis
291 2665 432 2732 praedicto
444 2668 573 2720 ennucho
586 2669 637 2720 iter
658 2668 769 2720 habenti
790 2667 939 2734 aliquando
950 2680 1000 2734 per
1011 2665 1182 2720 Antiochiam
1196 2678 1300 2734 augus·¹

61 2766 123 2818 talis
131 2766 264 2832 jussionis
283 2766 436 2818 occasione.
450 2766 525 2818 iluic·
538 2778 602 2834 ergo
615 2767 751 2832 persuasit
762 2768 851 2829 beus',
865 2768 943 2834 cujus
956 2771 1024 2819 nutu
1037 2774 1101 2819 sunt
1113 2766 1204 2818 omnia
1218 2766 1291 2819 bona
1339 2758 1355 2836 .'
1367 2758 1433 2814 cod.

10 2870 41 2922 if>
61 2870 228 2932 praestante,
240 2867 353 2919 nomine
366 2866 538 2931 imperatoris
550 2872 577 2919 et
589 2866 750 2933 pontificum
763 2880 794 2919 ac
805 2867 896 2933 populi
906 2867 1026 2920 seribere
1036 2868 1139 2920 litteras
1148 2872 1174 2919 et
1184 2866 1291 2920 mittere

55 2964 91 3017 ad
105 2965 211 3031 priores
222 2965 383 3017 Antiochiae
396 2978 444 3030 per
462 2966 594 3031 quosdam
614 2966 747 3032 gloriosos
769 2966 875 3030 misses,
890 2967 941 3020 hoc
962 2965 1167 3032 praecipiende,
1179 2972 1211 3019 ut
1227 2979 1291 3019 cum

56 3078 168 3118 summo
181 3065 286 3117 honore
306 3070 334 3117 et
354 3065 405 3117 sub
418 3066 492 3117 omni
506 3066 643 3118 celeritate
657 3067 804 3119 ascendere
818 3068 940 3119 lacerent
952 3080 983 3119 en
1006 3068 1147 3120 Antiochia
1165 3069 1295 3120 Constan-

56 3166 204 3232 tinopolim
219 3169 343 3218 sanctum
364 3167 586 3231 chrysostomum
601 3168 686 3218 virum
700 3168 863 3230 iohannem,
878 3158 959 3233 quem
978 3169 1048 3220 Deus
1072 3168 1245 3233 omnipotens
1263 3181 1294 3220 ac

57 3267 122 3330 pius
136 3265 245 3330 propria
258 3263 553 3332 repleveracqratiaJtr
563 3266 657 3333 legatis
669 3266 805 3332 regalibus
816 3266 914 3319 festine
925 3267 1100 3333 pergentibus
1111 3268 1293 3332 Antiochiam,

10 3368 35 3416 ic
55 3377 147 3430 paene
160 3364 249 3416 omnis
263 3364 369 3428 populis
382 3365 478 3431 regalis
491 3366 607 3417 civitatis
626 3367 662 3417 ita
682 3367 792 3418 sitiebat
805 3367 859 3418 cito
877 3367 1029 3432 conspicari
1042 3365 1077 3418 ad
1090 3380 1120 3419 se
1139 3368 1294 3421 venientem

56 3477 123 3516 eum
137 3476 218 3530 quem
231 3464 405 3531 ignorabant,
419 3465 495 3529 quasi
515 3466 571 3530 jam
591 3468 712 3533 agnitum
735 3480 798 3519 eum
812 3480 826 3519 a
843 3480 889 3532 se;
903 3473 929 3520 et
942 3467 1014 3520 velut
1035 3481 1098 3520 oves
1117 3467 1240 3520 balantes
1260 3468 1295 3521 ad

57 3583 156 3623 vocem
169 3572 284 3635 pastoris
300 3571 342 3622 sui
355 3578 536 3624 accurrentes
550 3572 582 3623 ad
598 3586 670 3631 eum,
685 3574 803 3625 saturari
824 3575 885 3626 cibo
897 3576 1039 3640 cupientes
1052 3589 1100 3641 per
1112 3575 1199 3641 illum,
1216 3577 1295 3629 sicet

55 3670 102 3722 isti
116 3669 312 3723 desiderabant
326 3670 471 3737 [doctrina]
485 3672 585 3737 repleri
605 3673 788 3739 chrysostomi
801 3675 850 3726 viri
863 3675 1004 3728 iohannis.

94 3769 146 3819 14.
160 3769 330 3820 lielatoribos
348 3776 437 3821 autem
451 3771 581 3837 regalium
602 3771 752 3823 litterarum
771 3773 940 3825 Antiochiam
963 3775 1101 3840 ingressis,
1116 3776 1295 3830 innotuerunt

10 3871 39 3920 'ti
57 3866 190 3918 omnibus
202 3867 307 3918 civibus
321 3867 406 3932 ipsius
420 3869 518 3933 regalia
539 3876 692 3935 praecepta,
707 3884 777 3936 quae
798 3872 902 3939 regales
915 3875 1092 3926 continebant
1104 3876 1246 3941 epistolae,
1260 3877 1295 3929 de

56 3966 119 4017 viro
131 3965 178 4017 liei
190 3966 381 4032 chrysostomo
393 3968 535 4033 iohanne3
549 3974 575 4020 et
589 3982 650 4021 mox
672 3971 795 4022 omnium
816 3972 925 4024 illorum
940 3974 1025 4026 lactus
1038 3980 1078 4027 est
1096 3989 1210 4042 magnus
1223 3978 1291 4029 mul·

56 4072 160 4129 tusque
174 4065 298 4128 planetus
308 4079 390 4131 super
400 4067 573 4120 fraudatione
586 4082 639 4134 qua
653 4068 771 4121 fraudari
786 4083 815 4121 se
828 4078 1015 4136 cognoverunt
1027 4078 1101 4126 tanto
1113 4075 1214 4141 talique
1224 4077 1292 4143 viru,

58 4165 108 4230 qui
126 4163 226 4229 lingum,
239 4165 337 4217 studiis
349 4167 534 4233 exemplisque
555 4169 673 4233 propriis
695 4169 857 4221 ostendebat
877 4172 917 4222 eis
929 4172 1001 4223 viam
1020 4187 1069 4238 per
1087 4187 1168 4239 quam
1184 4183 1295 4240 possent

58 4265 101 4315 ire
125 4262 157 4313 ad
180 4264 415 4325 bominumi'ae,
429 4267 566 4332 inquiunt,
587 4268 674 4320 nobis
697 4269 1039 4324 coarctenuousaormo
1062 4274 1211 4339 obrizum,
1226 4289 1295 4342 per-

10 4368 37 4417 id
56 4361 218 4428 fracidam
230 4363 452 4431 mauparitum,
461 4367 725 4431 pretiosscrimcom
738 4369 886 4422 amictum
900 4383 937 4424 ac
943 4373 1154 4439 praecipuum
1172 4377 1293 4429 cunctis

56 4461 209 4514 hamanis
222 4462 341 4528 opibus,
348 4477 408 4530 quoe
418 4465 541 4530 rhodique
551 4465 674 4532 fuimus
681 4467 859 4535 perfraci.ct
868 4471 930 4536 quia
943 4473 1097 4538 transgredi
1111 4475 1294 4539 nequiverunt

54 4563 85 4612 iri
99 4558 191 4626 aliquo
205 4561 357 4626 imperialia
368 4563 453 4627 jussa,
467 4578 549 4631 opere
571 4566 704 4631 completa
725 4574 797 4619 sunt.
813 4567 955 4621 beduceus
976 4583 1039 4623 vero
1053 4571 1209 4625 Antiochiae
1223 4576 1292 4626 mul·

1315 2827 1383 2879 iiic..

1387 2864 1395 2881 .
1407 2828 1472 2881 Deo.
