3076 5498
113 281 179 351 534
455 270 581 350 crull.
600 297 704 348 oono.
721 295 899 347 moroan.
918 295 1003 348 nnn.

1367 356 1370 419 l

114 471 202 524 atiena
218 470 422 525 lemovicensis
442 469 542 522 timore
562 468 717 534 repleretur
736 467 772 520 de
791 467 943 520 amissione
962 468 1096 533 eorporis
1121 470 1230 534 petroni
1246 468 1327 522 tortam
1368 422 1370 449 Ι

117 570 219 631 lutura,
240 572 263 623 si
289 570 349 636 ipsa
375 570 482 638 lugiens
508 574 616 621 tanturn
640 565 804 621 thesaurum
826 566 966 621 netandae
989 569 1069 634 genti
1091 574 1190 635 patere
1205 552 1325 622 desererer
1366 584 1370 651 ⁴;

16 664 48 717 '·
116 668 234 737 ideoque
259 682 322 722 cum
350 674 456 722 mnium
482 669 659 721 thesaurum·
684 667 795 732 saepius
818 666 921 719 tutiora
948 672 1085 720 montana
1114 668 1235 734 expetiit.
1249 666 1325 720 eustelb
1366 666 1370 705 ⁴

116 768 273 822 tlrmlsslma
285 769 399 837 eligens,
412 781 501 834 usque
518 767 552 820 ad
565 767 657 834 lpsunr
669 766 717 832 qui
729 766 808 818 locus
819 768 948 818 Torenna
966 768 1130 832 peremnia
1143 765 1324 833 inexpugnabiis

115 867 268 921 videbatur.
282 869 422 921 libertam
433 865 533 919 christi
546 866 666 932 plebem,
679 866 717 918 ita
729 877 780 918 suo
791 864 899 917 doctori
918 863 1051 918 devotam
1068 871 1111 930 ut,
1124 879 1188 920 eum
1201 867 1280 919 omnia
1291 864 1341 916 sui

117 966 267 1032 desereret,
280 968 340 1033 ejus
357 966 446 1020 solum
459 978 559 1032 corpus
571 964 731 1027 custodiret,
744 976 793 1030 pro
811 963 1081 1030 incomparabilibus
1098 965 1200 1030 opibus
1213 962 1322 1019 minans

117 1078 200 1131 super
217 1078 316 1118 aurum
337 1064 460 1118 membra
482 1064 589 1130 patroni
611 1075 681 1129 esse,
695 1061 929 1129 quemadmodum
951 1063 1090 1129 scriptum
1113 1062 1320 1117 esttPretiort'ot

117 1163 239 1217 milvii·
250 1175 332 1217 auro
342 1164 373 1216 et
384 1160 473 1216 homo
484 1162 602 1216 mondo
614 1160 734 1215 odrico.
747 1162 843 1213 sciens
854 1165 915 1213 erat
930 1174 994 1214 curn
1012 1174 1048 1214 eo
1066 1163 1199 1215 omuibus
1214 1161 1318 1214 didttbs

117 1261 239 1325 adluere,
252 1261 312 1314 sine
329 1274 362 1314 eo
380 1261 450 1313 nibil
471 1260 667 1314 consolationis
688 1259 807 1326 babere;
822 1271 857 1312 eo
876 1269 1004 1325 possesso
1024 1260 1097 1313 nibil
1120 1261 1197 1314 triste
1215 1260 1259 1313 sibi
1273 1259 1314 1321 ion,

117 1373 172 1427 quo
184 1360 206 1412 sl
220 1360 383 1425 privaretur,
396 1371 478 1412 omne
491 1359 673 1412 infortunium
685 1358 738 1411 sibi
752 1363 862 1424 praesto
875 1357 945 1411 lieri.
1322 1354 1339 1403 lt

150 1459 289 1512 &Verum
300 1456 443 1511 sciendum
456 1458 530 1524 quia,
545 1457 598 1510 nisi
610 1457 693 1510 certis
713 1458 928 1511 revelationibus
940 1458 1083 1523 certisque
1095 1457 1251 1525 quibusdam
1260 1453 1311 1521 deb?

118 1556 244 1610 voluntas
265 1556 356 1610 divina
369 1556 451 1610 tuerit
471 1561 591 1621 ostensa,
605 1569 666 1610 ossa
684 1562 843 1609 sanctorum
862 1555 896 1609 de
915 1556 973 1608 suis
990 1557 1132 1621 sepulcris
1148 1551 1310 1623 aliquandorlt

13 1658 60 1736 od.
118 1659 254 1722 quatenus
266 1654 386 1709 effodere
404 1656 461 1709 slve
479 1656 653 1723 inquietare·
672 1660 750 1709 tanto
771 1660 812 1709 est
829 1655 980 1708 nefandum
998 1661 1106 1722 quanto
1124 1653 1307 1722 pericutesmnt

13 1729 105 1842 ΙΨ·
118 1766 173 1819 quo
186 1754 338 1819 ruinosum,
351 1767 384 1808 eo
396 1754 589 1819 metuendum,
602 1755 777 1821 quantoque·
791 1754 966 1806 tremendum
978 1758 1058 1806 tanto
1070 1754 1218 1808 carendum
1229 1750 1306 1818 :quippi

8 1854 110 1922 doque.
121 1852 142 1905 si
155 1852 259 1919 absque
271 1854 317 1905 bei
331 1853 446 1920 imperio
464 1859 518 1906 tam
537 1853 691 1919 periculosa
710 1865 764 1915 res,
777 1851 841 1904 licet
859 1852 980 1905 bumana
999 1853 1187 1907 concordante
1203 1840 1327 1905 voluntem
1368 1873 1370 1882 ·

118 1957 319 2018 praesumatur,
331 1951 398 2005 dum
416 1953 555 2018 iustorum
576 1965 690 2018 corpora
717 1952 753 2005 de
768 1951 881 2004 sedibus
907 1948 1082 2005 effodiuntur
1100 1954 1167 2019 sivo,
1182 1950 1242 2019 quod
1255 1944 1302 2014 pov}
1366 1966 1370 2000 t

118 2063 193 2102 mum
214 2054 265 2116 est,
287 2053 474 2115 extrahantur,
488 2064 596 2117 eorum,
619 2051 641 2103 si
662 2051 716 2104 dici
735 2052 776 2104 las
797 2056 847 2114 est,
869 2051 979 2104 animae
1001 2052 1031 2103 in
1059 2053 1137 2106 caelo
1163 2065 1218 2105 curn
1237 2046 1300 2101 cllo
1366 2085 1370 2097 ,

119 2147 249 2216 degentes
261 2148 459 2216 inquietantur,
468 2151 534 2203 dum
545 2162 595 2218 pro
604 2155 681 2202 tanto
695 2150 802 2215 piaculo
812 2149 999 2203 membrorum
1010 2163 1128 2204 suorum
1140 2152 1173 2204 ad
1184 2144 1300 2204 incidie
1358 2168 1370 2191 υ

119 2254 310 2316 provocantur.
325 2250 453 2303 llartialis
465 2263 566 2316 eorpus
583 2249 676 2316 itaque
688 2253 749 2316 post
766 2249 827 2303 illas
846 2249 1002 2302 evectiones
1019 2250 1138 2316 priores,
1150 2248 1250 2317 quodam
1261 2249 1299 2295 tr
1364 2260 1370 2293 ’τ

119 2360 186 2414 pore
205 2348 285 2400 solito
312 2361 388 2402 more
405 2349 484 2415 quasi
510 2348 669 2416 gentilitatis
696 2349 796 2402 iterum
819 2349 990 2414 erumpentis
1018 2355 1136 2415 terrore,
1153 2328 1323 2418 aggresfflffl

119 2447 298 2499 transvehere
310 2447 345 2500 ad
357 2447 416 2500 loca
429 2447 577 2500 munitiora
594 2447 719 2500 unanimi
736 2447 893 2514 pariterque
911 2459 1050 2501 consensu
1073 2446 1150 2502 cives
1168 2444 1299 2501 urbislaeoi
1364 2468 1370 2485 .-

121 2545 245 2598 vioensis.
260 2545 336 2608 Quod
347 2544 412 2611 qula
424 2544 564 2612 displicuit
581 2546 610 2598 in
629 2546 716 2599 ocutis
732 2546 839 2599 bomini
857 2545 897 2598 sle
914 2550 1057 2599 ostensum
1076 2552 1129 2600 est.
1142 2536 1301 2599 Transtulit&
1364 2578 1370 2586 „

117 2644 192 2697 enim
204 2644 259 2696 illis
272 2645 421 2711 peripsum
439 2645 529 2699 locum
548 2646 595 2712 qul
612 2645 811 2699 sollemniacus
827 2646 969 2699 dicebatur
989 2653 1017 2699 et
1033 2647 1182 2714 hospitatis,
1195 2639 1300 2699 uulbtrw
1365 2648 1368 2679 1

118 2744 190 2796 ultra
213 2743 350 2808 lipsanum
383 2743 449 2797 illud
480 2757 590 2797 movere
613 2749 772 2812 potuerunt,
800 2746 884 2799 immo
913 2745 973 2799 lere
1006 2759 1056 2811 per
1078 2747 1217 2801 biennium
1236 2735 1302 2808 pedi*
1365 2756 1368 2761 ·

118 2841 259 2894 immobile
272 2843 352 2908 quasi
367 2855 446 2895 mons
458 2843 586 2908 perstitit.
1309 2814 1327 2870 ⁹
1367 2859 1370 2877 =

151 2941 183 2994 0.
195 2939 318 2993 'landem
333 2942 484 3009 aggregatis
497 2942 658 3008 Aquitaniae
679 2943 817 3009 episcopis
833 2950 861 2996 et
879 2942 982 2997 indicto
999 2943 1134 2999 triduano
1142 2927 1304 3012 jejunioqttl

118 3053 171 3092 uus
183 3052 294 3093 eausam
314 3038 406 3092 divine
428 3040 517 3105 pietas
538 3040 673 3094 revelaret
693 3054 743 3094 cur
759 3042 793 3094 ad
815 3043 957 3108 proprium
976 3055 1035 3097 non
1054 3057 1085 3098 se
1103 3046 1207 3098 sineret
1222 3024 1307 3105 reponat

119 3143 251 3204 patronus
272 3136 440 3202 sepulerum,
454 3138 603 3191 revelatum
625 3144 667 3191 est
686 3138 856 3192 divinitatem
878 3140 968 3205 polius
989 3142 1137 3208 injuriari·
1150 3154 1229 3210 quam
1246 3122 1310 3204 plani

119 3249 169 3303 pro
180 3236 373 3303 inquietudine
386 3238 574 3290 membrorum
582 3237 656 3290 illius
664 3252 747 3304 quem
758 3240 878 3305 primum
890 3239 967 3292 norit
975 3239 1230 3308 tellusthuitanica
1237 3242 1314 3306 patrm

117 3337 196 3401 eujus
207 3335 321 3401 spiritus
332 3336 363 3386 tn
375 3342 482 3388 secreta
495 3336 591 3402 requie
609 3336 751 3388 caelorum
768 3349 833 3390 cum
849 3337 965 3391 domino
978 3344 1084 3404 regnat,
1097 3352 1152 3392 uec
1163 3344 1286 3406 patronum
1295 3310 1341 3381 it!

118 3434 177 3500 ipso
191 3434 251 3487 loco
263 3433 333 3486 velle
354 3435 431 3500 prius
442 3433 477 3486 sd
489 3435 634 3500 pristinum
652 3436 750 3489 reterri
767 3437 936 3505 sepulcrum,
949 3450 1032 3504 quam
1051 3437 1121 3491 illud
1134 3433 1323 3492 observantsd

117 3533 199 3586 ritum
212 3538 239 3587 et
251 3545 341 3585 mores
363 3539 500 3585 mutarent
520 3540 547 3585 et
568 3535 701 3589 babitnm.
715 3537 809 3603 ltaque
829 3535 864 3589 ad
885 3537 937 3589 troc
957 3536 1108 3589 consilium
1129 3542 1240 3590 venmm
1258 3534 1327 3597 still

119 3632 186 3684 baec
199 3629 257 3684 tleri
270 3630 321 3683 sub
331 3630 513 3697 jurejurando
524 3631 693 3698 sponderent
703 3646 801 3688 omnes
813 3649 828 3688 a
842 3635 957 3688 minimo
976 3648 1065 3702 usque
1077 3634 1114 3688 ad
1133 3637 1329 3701 marimomnet

117 3729 243 3783 videlieet
253 3729 326 3783 ultra
339 3730 484 3797 inquietari
497 3732 620 3785 membra
634 3735 752 3798 patroni,
765 3748 851 3801 seque
864 3748 927 3788 rum
948 3736 1044 3788 babitu
1059 3736 1225 3790 humilitatis
1237 3733 1334 3789 moribus

117 3832 143 3881 et
155 3829 208 3881 ulta
226 3829 336 3891 mouri,
357 3834 462 3882 tuntum
483 3830 604 3896 dignatio
624 3830 733 3884 adesset
753 3831 858 3895 diuina,
871 3840 1020 3897 patronum
1040 3835 1095 3887 sibi
1117 3835 1197 3889 reddi
1218 3835 1251 3889 ad
1270 3824 1367 3886 suunii

116 3927 379 3980 excellentissimum
391 3934 418 3980 et
430 3930 571 3994 proprium
583 3930 839 3995 semicremoque
851 3936 880 3984 et
891 3931 996 3984 facturn
1007 3940 1060 3996 est,
1073 3942 1221 3988 annuente
1233 3933 1336 3993 bomino,

117 4026 152 4079 tta
164 4033 193 4080 ut
206 4027 289 4081 etium
304 4039 338 4079 er
358 4028 400 4079 bis
420 4026 570 4095 nlaioribus
587 4030 635 4095 qui
654 4030 774 4082 retinere
792 4030 864 4096 apud
882 4043 914 4083 se
930 4040 1176 4097 praesumpserant
1197 4036 1338 4086 tnesaurum

115 4138 201 4189 penes
212 4140 242 4178 se
254 4125 311 4178 site
322 4125 477 4192 depositum
498 4128 555 4179 sire
574 4128 739 4192 hospitatum
756 4130 785 4182 in
804 4130 864 4183 loeo
881 4135 1046 4194 memorato,
1060 4130 1157 4196 piures
1174 4134 1229 4186 sub
1244 4128 1340 4187 uuodie

115 4222 260 4291 abnnpeto
279 4226 403 4289 percussi
424 4228 607 4290 exspirarent,
622 4226 765 4294 ipsiusque
782 4229 835 4281 loci
854 4228 998 4281 tortissimi
1013 4230 1087 4283 muri
1106 4232 1201 4284 subito
1217 4226 1339 4298 usquead

115 4320 203 4373 solum
224 4328 397 4381 corruerent,
409 4336 441 4376 ae
460 4323 559 4377 devote
574 4325 710 4390 plebicula
725 4328 880 4380 lorinsecus
898 4327 1063 4387 obsenans,
1076 4328 1223 4383 liberrimo
1243 4324 1370 4383 incedut

114 4418 214 4483 meisi,
236 4420 313 4473 nullo
330 4424 385 4486 jam
404 4422 604 4476 contradictore
623 4425 750 4479 obstante
767 4440 831 4480 curn
851 4426 1029 4480 desiderabili
1051 4429 1182 4482 tbeseuro
1202 4430 1239 4483 ad
1256 4430 1342 4482 urben

113 4528 177 4569 runi
189 4517 317 4570 leudibus
329 4530 474 4575 remearet.
487 4522 635 4588 ipsumque
656 4523 817 4577 lbesaurum
836 4525 948 4590 proprio
971 4527 1132 4580 restitueret
1147 4527 1220 4581 loco.
1235 4527 1343 4593 ideoque
