3082 5498
245 333 343 382 aran.
362 331 446 381 nar.
465 328 585 379 rarus
605 346 649 358 -
667 327 820 376 urrann.
840 326 887 374 au
904 326 983 375 coo.
1004 322 1096 374 11757.
1230 308 1273 372 77

75 508 175 557 uusueta
185 500 363 570 diligentibus
374 498 486 553 odiosus
498 498 617 564 abrupit.
630 497 682 549 Sed
696 509 752 549 non
764 495 854 549 omnis
867 495 914 563 qui
927 495 1049 561 loquitur
1061 499 1233 562 promeretur
1243 499 1274 549 ut

10 588 12 661 ζ
78 602 181 668 rodatur,
194 608 221 654 et
230 600 364 666 sapientis
381 598 510 651 discretio
524 611 580 649 rem
594 595 745 662 quamlibet
757 608 806 661 pro
824 593 985 648 meritorum
997 592 1128 659 qualitate
1146 593 1274 646 attitulat.

78 702 130 764 itud
140 715 190 754 non
208 701 351 769 ignorans,
364 696 431 751 illud
453 703 544 749 umen
556 696 676 762 llpostoli
689 695 752 748 volo
770 693 885 759 implere
906 693 1042 747 dicentis:
1059 691 1217 752 &mnium
1231 676 1274 747 ece

80 800 136 854 uiis
150 803 201 865 eat,
214 813 287 854 eum
307 797 449 853 omnibus
467 796 642 850 horninibus
657 808 768 863 pacem
786 794 941 847 babentes.
959 797 1015 857 Qua
1029 793 1063 845 de
1079 805 1109 844 re
1127 803 1224 844 omnes
1244 791 1273 843 in
1329 843 1331 851 ,

61 896 145 964 tuum,
154 899 272 964 scirpum
288 901 412 950 tenentes
422 896 465 950 vel
478 896 623 962 calamum,
634 901 732 960 appeto
744 893 916 957 contrahere,
927 892 1058 945 omnibus
1070 903 1158 957 aeque
1170 889 1273 943 satissa-

76 1008 126 1063 teee,
136 998 258 1052 omnibus
270 995 345 1051 unde
355 995 391 1049 ad
403 995 432 1047 id
444 994 583 1049 scribendi
602 995 739 1061 negotium
757 990 931 1059 proruperim
944 991 1049 1058 absque
1067 988 1274 1043 mendaciorum

10 1130 12 1139 ·
73 1096 180 1157 ,udmlis
191 1095 344 1163 propalare,
357 1108 390 1149 eo
401 1098 495 1148 umen
505 1100 611 1157 tenme,
623 1100 653 1147 ut
662 1094 684 1145 si
696 1105 752 1146 non
763 1096 854 1159 posset
866 1092 926 1158 cogi
941 1092 1033 1145 contio
1047 1089 1082 1143 ad
1095 1089 1273 1155 audientiam,

73 1196 159 1250 audam
169 1196 333 1264 cognitores.
348 1194 424 1258 Quod
438 1200 529 1248 tamen
541 1194 665 1248 dicturus
678 1208 750 1253 sum,
764 1193 792 1245 in
802 1192 971 1259 apologetica
983 1191 1018 1244 ad
1031 1191 1162 1244 domnum
1174 1189 1274 1244 emissa

68 1295 201 1361 episcopum
218 1295 277 1361 jam
298 1292 432 1361 praedixi,
445 1292 494 1346 sed
507 1293 639 1359 praelatio
662 1304 793 1358 praesens
816 1290 944 1344 omnibus
966 1289 1088 1343 notilicet
1105 1288 1189 1356 quod,
1210 1288 1276 1343 licet

22 1388 49 1442 tt
65 1388 227 1460 moabiam,
238 1393 295 1460 jaro
308 1377 502 1447 uuusaudirit.

96 1493 206 1547 lureteri
217 1495 391 1546 testamento
403 1491 497 1544 diviua
509 1491 650 1545 sanctione
669 1496 799 1544 censetur
812 1504 846 1543 ne
856 1492 933 1557 juxta
955 1490 1040 1543 altare
1052 1489 1160 1543 bomini
1174 1501 1273 1543 nemus

61 1590 107 1645 tto
115 1598 153 1646 aut
168 1605 250 1646 omne
262 1593 365 1660 lignum
379 1591 525 1658 plantetur.
539 1594 612 1655 Quae
625 1591 668 1643 lex
688 1590 903 1657 aspiritualibus
920 1589 1078 1656 spiritaliter
1088 1589 1276 1656 judicantibus

60 1691 274 1761 steintelligenda
283 1690 465 1755 contraditur,
474 1696 505 1744 ut
516 1692 545 1745 iu
560 1691 670 1758 eloquio
683 1691 867 1744 ecclesiastico
878 1689 998 1756 superba
1010 1687 1143 1757 rigiditas,
1155 1688 1275 1742 flexuosa

60 1791 189 1859 elidius,
200 1792 341 1846 condensa
361 1792 523 1854 obscuritas,
537 1791 654 1844 tremula
674 1791 833 1856 ventositas,
847 1789 962 1842 stridula
983 1788 1134 1855 loquacitas
1150 1788 1275 1842 evitetur.

11 1887 38 1938 5
58 1891 114 1945 nco
126 1894 193 1947 enim
214 1897 323 1960 oportet
341 1894 415 1945 circa
436 1891 529 1955 iidem,
554 1892 627 1945 circa
643 1895 719 1960 gesta
736 1890 869 1953 lidelium,
887 1891 1034 1956 quicquam
1063 1889 1276 1948 infructuosum,

66 1992 193 2061 ququam
212 1993 370 2048 audientiae
391 1991 539 2046 saecularis
560 1991 763 2057 illecebrosum,
775 1990 913 2056 componi,
936 1987 985 2042 sed
1007 1988 1065 2041 sola
1077 1989 1195 2055 puritate
1207 1988 1276 2041 veri·

72 2090 241 2146 ttisdoctrina
253 2092 375 2160 moralis,
387 2092 488 2144 utilitas
500 2091 660 2157 historialis,
671 2091 752 2143 debet
761 2087 862 2143 elierri.
873 2089 1049 2154 llancitaque
1058 2087 1146 2156 legem
1157 2087 1277 2156 ingestis

73 2191 207 2255 supradictis
218 2192 292 2246 beati
305 2191 433 2258 martyris
445 2191 589 2244 inveniens
607 2196 847 2257 praetergressam,
861 2188 923 2241 licet
937 2188 1027 2241 minus
1047 2188 1157 2253 sapiens
1174 2189 1276 2240 miuus·

79 2301 115 2353 que
125 2290 287 2357 discernens,
299 2293 403 2358 arripui
423 2290 623 2363 corrigendam,
636 2290 707 2342 nihil
727 2303 772 2342 me
794 2291 928 2342 iacturum
951 2294 1025 2342 ratus
1045 2300 1128 2353 supra
1145 2285 1274 2353 officium,

31 2377 66 2432 Ἃ
80 2384 139 2443 iuuo
152 2392 208 2458 ejus
226 2395 344 2458 sperans
364 2389 535 2458 suffragium,
549 2389 571 2442 si
593 2403 641 2455 pro
658 2401 739 2456 posse
752 2390 780 2441 in
804 2388 921 2441 lectione
942 2386 1124 2440 sacratissima
1145 2390 1276 2439 sentuoaa

82 2490 202 2557 tuimem,
214 2491 387 2558 complanem
408 2503 515 2556 aspera,
529 2488 650 2542 recidam
663 2487 810 2555 superllua,
825 2495 851 2540 et
871 2487 981 2553 planam
993 2499 1025 2539 ac
1045 2486 1105 2539 sine
1122 2484 1276 2539 oliensione

82 2584 128 2639 utu
137 2589 280 2658 legentibus
293 2590 415 2642 reddam.
429 2590 494 2655 Quis
505 2590 579 2641 enim
590 2601 688 2641 sanum
700 2589 808 2654 sapiens
821 2587 970 2640 arbitretur
981 2590 1128 2651 martyrem
1141 2589 1274 2650 sanctum,

10 2740 13 2745 .
84 2681 241 2744 inerterbera
251 2691 409 2756 patientem,
423 2701 567 2755 procacem
579 2689 714 2741 exstitisse
726 2689 754 2740 ln
768 2687 879 2741 verbis?
892 2683 1033 2749 Quomodo
1044 2683 1197 2737 maledictis
1209 2684 1275 2737 irra·

10 2809 18 2840 5·
84 2780 212 2843 littabiliter
231 2790 415 2857 frequentatis
436 2794 552 2842 tortores
574 2788 709 2853 irritabat,
728 2800 797 2853 quos
816 2785 993 2848 benedicens,
1011 2797 1108 2838 eorum
1123 2797 1172 2849 pro
1189 2782 1277 2836 salute

56 2870 162 2940 ficum
181 2890 317 2956 benignus
335 2889 409 2941 enirn
427 2889 514 2940 Patris
532 2888 658 2954 Spiritus,
677 2887 724 2953 qui
744 2885 907 2951 loquebatur
926 2884 954 2936 in
978 2897 1019 2950 eo,
1043 2884 1094 2936 etsi
1112 2882 1277 2948 aliquotiens

85 2989 226 3039 unsuntiam
244 2988 439 3052 responsionis,
454 2987 475 3038 si
497 2986 650 3038 libertatem
668 2986 877 3051 responsionum
897 2984 1087 3037 resistentibus
1105 2981 1276 3035 ostendebat.

84 3082 234 3140 verbositatem
245 3094 336 3141 umen
349 3088 504 3148 stultorum,
515 3088 570 3139 iras
579 3088 816 3151 stomachantium,
827 3098 967 3137 assumere
977 3084 1181 3136 contemnebat.
1192 3084 1277 3134 Pravo

84 3187 124 3246 ergo
133 3197 186 3237 areu
197 3187 283 3238 utitur
294 3186 342 3251 qui
360 3186 474 3237 alterum
495 3185 576 3237 laude
594 3198 643 3237 seu
656 3185 853 3251 vituperatione
872 3186 1015 3251 impetens,
1036 3183 1169 3235 mendacii
1186 3181 1277 3248 jaculo

81 3279 211 3336 itinerator.
224 3289 263 3337 Ne
274 3286 337 3350 quis
349 3291 440 3336 autem
455 3298 497 3335 me
510 3288 634 3336 autumet
646 3285 867 3350 praesumptione
879 3283 988 3336 lasciva‘
1002 3288 1159 3347 temptasse,
1170 3281 1276 3332 noverit
1334 3295 1343 3314 0

48 3367 213 3442 illaqueatus
225 3384 347 3435 calorem
359 3381 448 3435 devoti
460 3383 545 3433 animi
559 3383 806 3434 retentassedonec
816 3380 977 3434 auctoritate
989 3380 1124 3447 impulsus
1135 3392 1195 3430 sum
1206 3378 1272 3444 legis

72 3473 100 3526 ila
109 3479 214 3542 jubentis
229 3501 236 3533 ;
249 3481 281 3534 Si
293 3481 409 3534 exieris
426 3482 468 3533 ud
481 3481 596 3533 bellum
613 3483 724 3533 contra
742 3481 886 3533 inimicos
899 3483 977 3544 tuos,
991 3482 1020 3532 ct
1038 3478 1156 3531 videris
1168 3476 1277 3530 mulie·

68 3586 120 3628 rem
130 3578 267 3634 decoram
279 3581 380 3646 specie
390 3583 419 3632 et
431 3580 627 3646 coricupieris
639 3586 719 3644 eam,
733 3579 827 3632 rades
838 3593 958 3632 omnem
966 3579 1073 3644 pilum
1086 3577 1200 3644 capitis
1212 3576 1277 3640 ejus

59 3679 90 3728 et
100 3682 222 3743 ungutam
234 3681 311 3747 eius,
325 3683 356 3732 ei
375 3680 436 3731 erit
449 3679 506 3731 tibi
518 3692 608 3732 umor.
625 3679 701 3741 Quod
722 3693 737 3731 a
751 3693 804 3741 me,
819 3680 865 3744 qui
887 3678 981 3731 laboro
995 3680 1023 3729 in
1046 3678 1160 3743 spiritali
1180 3676 1275 3728 militia

56 3778 107 3827 lieo
125 3780 175 3844 regi
193 3794 258 3833 vero
276 3793 387 3845 semper
407 3780 543 3838 assistere,
566 3780 605 3830 sie
622 3778 787 3844 adimpletur
805 3779 875 3829 utin
894 3778 1011 3830 lectione
1032 3777 1166 3842 passionis
1183 3775 1273 3841 hujus,

10 3878 36 3929 ii
52 3876 163 3940 spiritus
174 3880 258 3931 sancti
280 3880 387 3931 ratione
409 3878 538 3942 formosa,
554 3878 672 3930 mirabili
692 3879 791 3929 virtute
813 3878 937 3942 martyris
957 3877 1090 3942 speciosa,
1104 3876 1137 3927 ad
1159 3875 1277 3927 calorem

49 3973 113 4027 lidei
134 3977 305 4029 excitandum
324 3977 480 4042 praecipua,
499 3977 637 4042 superllua
658 3983 685 4027 et
706 3977 807 4028 idcirco
827 3976 967 4028 immunda
992 3975 1159 4042 deglabrem,
1182 3973 1275 4039 sicque

43 4074 156 4126 demum
169 4075 197 4127 in
213 4075 276 4128 fidei
291 4076 390 4140 pietate
412 4075 445 4126 ad
466 4073 639 4141 generandos
658 4075 791 4127 bonorum
813 4087 927 4139 operum
941 4074 1045 4126 iructus
1066 4074 1157 4125 animo
1176 4070 1275 4135 ample·

42 4174 137 4228 ctendi
152 4177 324 4243 conjungam.
340 4174 463 4227 Gaudeat
476 4175 565 4239 itaque
578 4187 659 4225 verus
672 4176 788 4240 quisque
801 4175 921 4226 israelita
935 4178 1027 4226 nostra
1049 4173 1177 4225 servitute
1197 4171 1277 4223 dona·
1349 4148 1355 4157 ’

40 4282 112 4337 tum,
127 4287 287 4341 metumque
300 4274 335 4327 ad
349 4272 432 4340 buius
445 4272 571 4325 lectionis
584 4273 718 4338 spiritales
737 4275 845 4339 nuptias
858 4275 949 4325 auimo
962 4274 1099 4325 esuriente
1119 4269 1275 4323 consedeat.

10 4385 18 4426 ι
38 4372 119 4436 Quod
135 4374 155 4423 si
167 4375 270 4438 uspiam
284 4374 336 4424 alia
350 4373 466 4424 inveniri
482 4377 608 4437 poterunt
622 4372 792 4437 diverticula,
807 4372 923 4423 lucidius
933 4372 1034 4435 aliquid
1048 4372 1082 4423 de
1095 4370 1233 4434 proposita
1247 4380 1275 4418 re

35 4471 239 4539 decentiusque
260 4473 439 4538 apponentia,
458 4485 501 4521 rue
522 4485 554 4522 ex
578 4471 670 4522 auimo
689 4478 847 4523 secuturum
872 4471 987 4523 inventa
1013 4470 1152 4534 promitto,
1173 4467 1273 4534 gratias

32 4578 175 4633 acturum,
185 4579 276 4625 nostra
287 4571 511 4636 postpositurum,
522 4583 593 4634 quae
603 4583 653 4622 nec
663 4569 746 4637 diligo
757 4583 807 4622 nec
817 4583 916 4636 respuo
927 4570 955 4621 in
965 4569 1103 4635 agnitione
1114 4566 1268 4618 meliorum.

37 4665 188 4731 explieit
200 4665 374 4731 praefatio.
