3082 5498
261 312 327 378 496
622 323 747 373 caran.
768 322 870 372 cono.
890 320 1066 371 naaman.
1084 320 1166 371 cnr.

259 509 325 550 cura
337 492 488 547 secundum
515 506 637 550 carnem,
656 497 687 544 ut
704 491 796 558 quieta
814 495 886 543 esset
898 494 926 543 et
943 487 1009 543 solis
1025 488 1195 542 orationibus
1213 492 1242 541 et
1259 487 1363 554 vigiliis
1381 492 1487 546 vacaret,

261 601 292 648 ut
314 606 425 648 carnem
449 605 526 645 suam
548 591 671 659 fragilem
693 603 740 656 per
759 589 955 643 abstinentiam
977 592 1003 641 et
1020 588 1133 654 jeiuniis
1153 588 1290 651 domaret,
1311 587 1384 639 inira
1408 599 1488 639 mona·

262 695 344 748 sterio
365 692 573 746 se'retrudebat
594 692 622 743 in
644 690 744 745 cellula
766 696 793 743 ct
812 690 907 757 ibique
931 701 980 756 pro
1002 689 1046 741 bei
1071 701 1165 742 amore
1188 687 1300 755 vigiliis,
1317 688 1487 753 orationibus,

259 794 371 861 jejuniis
400 799 427 845 et
446 788 697 845 taciturnitatibusl
723 805 752 844 se
775 790 939 852 macerabat,
958 801 1020 841 cum
1049 800 1129 854 parvo
1156 786 1289 841 tantum²
1313 787 1488 853 alimentogue

218 886 221 893 '
261 893 433 960 persistebat.
446 894 513 944 Nam
525 895 553 944 et
561 904 660 956 panem
672 891 830 944 ordeacium
849 891 938 943 solum
958 889 1092 952 sumebat,
1112 889 1265 950 sodalium
1284 889 1398 941 nonnisi
1415 888 1510 954 quemi

261 992 320 1059 ipsa
333 993 395 1058 sibi,
409 1003 485 1044 more
506 994 616 1044 sanctae
637 991 811 1059 liadegundis
820 989 842 1055 ³,
863 990 980 1042 molebat
1001 989 1043 1041 vel
1061 989 1207 1056 coquebat.
1227 991 1311 1042 Potus
1324 993 1418 1040 tamen
1440 989 1487 1040 sota

261 1105 332 1158 aqua
354 1092 636 1157 eratilli;pomorum
660 1103 726 1143 vero
747 1089 826 1143 valde
847 1089 943 1156 exigua
966 1101 1106 1142 mensura.
1120 1090 1235 1155 corpori
1248 1093 1344 1142 tamen
1368 1101 1418 1142 sno
1438 1087 1487 1141 ciii·

262 1190 336 1242 cium
348 1200 458 1254 semper
476 1188 593 1240 interius
616 1187 747 1240 vestiebat
767 1187 957 1240 inhaerentem
978 1187 1069 1239 carnis
1084 1198 1165 1248 suae,
1187 1192 1216 1239 et
1237 1185 1361 1252 desuper
1383 1186 1488 1238 babebat

262 1289 380 1342 linteum
391 1287 530 1353 indutum,
544 1289 596 1339 uti
610 1287 716 1340 cilicius
728 1299 763 1338 ne
776 1285 916 1338 videretur
930 1286 964 1338 ab
976 1286 1046 1347 aliis,
1061 1286 1179 1338 utnulla
1193 1285 1227 1338 ad
1248 1286 1406 1338 vanitatum
1418 1289 1489 1350 eaput

261 1389 320 1442 laus
332 1386 507 1440 sublevaret5
519 1385 613 1451 ipsius,
628 1387 679 1438 boc
691 1392 732 1438 est
749 1398 798 1439 cor
816 1386 885 1452 eius.
900 1387 930 1437 ln
943 1386 985 1436 lris
1005 1398 1070 1438 vero
1089 1385 1247 1438 memoratis
1266 1384 1368 1438 diebus
1385 1389 1485 1436 sanetae
1498 1381 1518 1433 lt

262 1486 487 1555 quadragesimae
499 1498 609 1551 semper
621 1498 650 1537 sc
664 1486 849 1538 examinabat.
865 1485 1005 1552 Pugnabat
1015 1497 1080 1537 cnm
1092 1489 1170 1537 scuto
1180 1484 1283 1551 ieiunii
1295 1483 1429 1537 adversus
1439 1483 1487 1534 ille·
1530 1512 1533 1547 1

262 1589 358 1641 tebras
370 1585 505 1639 volubiles
514 1600 543 1650 c;
559 1584 697 1652 pugnabat
709 1598 771 1636 cum
785 1585 973 1637 taciturnitate
993 1590 1021 1636 ct
1032 1584 1116 1637 lorica
1129 1582 1216 1636 iidei⁷
1230 1582 1367 1636 adversus
1385 1588 1487 1648 tempta·
1531 1585 1533 1647 ξ

262 1689 354 1737 menta
366 1683 584 1746 daemoniorum,
598 1695 717 1748 quorum
727 1684 870 1736 incursum
882 1683 942 1749 ipse
956 1685 1089 1736 Dominus
1102 1688 1129 1736 et
1145 1683 1273 1737 Salvator
1291 1689 1388 1736 noster
1406 1681 1487 1734 admo
1531 1705 1533 1711 ·

264 1780 335 1845 nuit,
347 1779 443 1833 dicens
457 1794 463 1831 :
479 1779 541 1832 Hoc
551 1790 649 1845 penus
660 1781 834 1845 coeperest
843 1791 995 1846 supmorc
1013 1779 1218 1846 cerimoniis
1229 1782 1263 1832 et
1283 1778 1484 1839 orationibus:
1531 1798 1533 1851 3

262 1884 291 1931 et
302 1878 387 1930 nimia
396 1877 564 1930 abstinentia
576 1882 605 1929 et
616 1875 747 1940 patientia
763 1876 925 1931 marcebat
937 1890 1038 1944 corpus
1050 1891 1130 1930 suum
1151 1881 1180 1930 et
1200 1876 1359 1931 vivificabat
1379 1878 1487 1930 animam
1501 1856 1533 1955 ¹⁵}

267 1989 354 2030 suam.
368 1978 420 2029 Sed
433 1977 484 2028 boc
498 1981 583 2028 totum
596 1974 655 2026 leve
667 1977 795 2041 portabat
810 1976 966 2028 beatissima
979 1976 1076 2029 christi
1089 1976 1192 2029 famula
1209 1990 1261 2042 pro
1282 1977 1384 2030 Christi
1396 1988 1488 2029 amore.

266 2081 332 2130 liam
345 2090 377 2129 ex
389 2079 513 2140 tempore
526 2072 673 2138 (tenuando
685 2081 844 2127 consecrata
859 2080 901 2127 est
914 2075 1040 2138 bomine,
1054 2089 1162 2141 semper
1174 2076 1259 2128 vitam
1278 2089 1357 2129 snam
1378 2080 1405 2128 et
1419 2075 1488 2127 disci·

268 2175 370 2242 plinam
382 2178 410 2227 et
420 2173 636 2226 discretionem⁹
651 2175 730 2226 duxit
742 2181 880 2227 austeram
901 2189 990 2243 risque
1008 2175 1036 2227 in
1057 2176 1207 2228 terminum
1226 2176 1301 2229 vitae
1312 2189 1390 2240 suae,
1401 2181 1429 2228 et
1444 2174 1487 2226 nisi

267 2275 381 2328 forsitan
394 2273 478 2324 nimia
491 2273 669 2325 adstrictione
681 2274 777 2326 luisset
789 2274 917 2327 adstricta
930 2281 961 2327 ut
981 2275 1098 2328 solveret
1115 2275 1264 2341 jejunium,
1276 2279 1306 2326 et
1323 2281 1415 2328 tamen
1432 2275 1487 2326 dum

267 2374 329 2440 quis
347 2373 430 2424 irater
447 2371 614 2430 advenisset,
629 2372 751 2436 solvebat
771 2385 819 2438 pro
841 2374 962 2426 caritatis
983 2372 1087 2427 donum
1105 2374 1243 2440 jejunium
1255 2373 1291 2441 1⁰,
1310 2379 1338 2427 et
1356 2370 1523 2440 postquam!

268 2473 353 2526 irater
364 2469 564 2538 egrediebatur,
579 2471 625 2523 illa
636 2472 772 2538 jejunium
786 2485 866 2525 suum
878 2472 1056 2539 adimplebat.

302 2573 348 2623 11.
361 2569 414 2623 Sed
427 2568 495 2622 baec
507 2570 606 2623 ancilla
618 2571 718 2623 Christi
731 2570 822 2624 tidelis
834 2585 916 2638 quarn
929 2577 1053 2639 prompte
1065 2571 1074 2613 1
1089 2578 1115 2623 et
1127 2584 1209 2639 quam
1220 2571 1399 2626 devotissima
1408 2576 1487 2624 mente

271 2672 322 2724 boc
333 2672 361 2722 in
375 2671 505 2736 proximis
519 2670 696 2736 impendebat
705 2671 840 2724 benedeia
860 2673 992 2740 caritatis,
1016 2686 1071 2728 non
1091 2678 1134 2726 est
1153 2672 1305 2727 silendum.
1325 2678 1392 2728 Nam
1404 2683 1488 2727 omncs

269 2783 378 2824 sorores
389 2783 461 2834 suas,
476 2770 587 2836 quando
600 2771 634 2821 ab
647 2770 818 2838 aegritudine
839 2773 962 2838 corperis
982 2772 1073 2838 aliqua
1094 2777 1200 2826 retenta
1217 2781 1288 2840 erat,
1303 2775 1349 2827 illa
1371 2787 1434 2827 sero
1445 2783 1486 2839 pro

270 2882 364 2922 amore
376 2868 470 2921 divino
495 2881 604 2922 omnem
624 2882 718 2921 curam
737 2870 771 2922 de
792 2870 853 2923 illas
873 2872 1006 2936 portabat,
1028 2884 1123 2924 omnes
1142 2872 1281 2938 visitabat,
1298 2879 1326 2926 et
1345 2873 1488 2927 omniorum
1503 2866 1533 2919 Β·

269 2981 394 3036 quaeque
407 2968 559 3021 necessaria
581 2973 660 3019 erant
681 2967 889 3022 administrabat
909 2984 971 3023 curn
994 2971 1078 3022 nimia
1099 2972 1288 3025 veneratione.
1315 2975 1381 3025 Nam
1395 2969 1489 3025 etdeli·
1531 2939 1533 2968 Ι

269 3070 350 3122 closis
362 3069 433 3122 escis
446 3069 571 3120 manibus
585 3068 642 3120 suis
655 3068 794 3122 reficiebat
815 3083 870 3136 eas,
884 3077 910 3122 et
923 3083 971 3123 sua
992 3082 1117 3137 quaeque
1135 3071 1310 3126 bebdomada
1328 3073 1357 3124 in
1372 3071 1489 3138 religione

269 3175 362 3221 sancta
374 3169 525 3221 secundum
539 3170 665 3220 ordinem
679 3168 863 3234 regulae,sive
876 3170 904 3221 in
918 3171 1036 3235 coquina
1046 3170 1102 3222 sive
1111 3169 1184 3235 quod
1198 3178 1294 3223 saneta
1305 3171 1387 3224 docet
1399 3169 1487 3236 regula.
1531 3155 1533 3229 j

269 3268 477 3336 diligentissime
490 3282 552 3320 cum
566 3280 672 3320 summo
696 3267 795 3320 ardore
808 3266 856 3321 ctl
868 3267 959 3321 cordis
977 3267 1153 3321 humilitate3
1166 3268 1288 3322 libenter
1299 3269 1427 3323 omnibus
1438 3279 1487 3318 ser·

269 3369 368 3421 aiebat.
389 3370 426 3418 lix
448 3373 591 3433 praecepto
614 3367 718 3419 bomini
741 3367 855 3433 quippel
877 3367 1030 3432 complebat
1053 3379 1136 3433 opera
1162 3367 1377 3428 misericordiae,
1400 3372 1425 3418 ei
1446 3358 1521 3416 nocti

267 3472 360 3518 tamen
377 3466 454 3517 alteri
467 3465 519 3516 se5
533 3464 621 3516 lacere
634 3464 764 3517 credebat
777 3466 828 3517 nisi
842 3466 903 3517 ppo
916 3467 962 3532 qui
975 3467 1044 3518 dixit
1057 3482 1064 3518 :
1088 3465 1245 3524 Otmmdt‘u
1258 3465 1381 3532 ferratis
1392 3464 1446 3517 uni
1455 3475 1486 3515 ca
1530 3476 1533 3507 l

269 3567 319 3619 bis
330 3564 488 3633 fratribus
501 3564 609 3629 meisi,
623 3565 703 3616 mihi
715 3563 845 3631 fecistis.
857 3568 930 3618 inter
948 3580 1030 3618 omne
1042 3580 1106 3619 vero
1119 3567 1165 3619 illa
1178 3573 1274 3619 sancta
1292 3567 1485 3635 congregdioue
1530 3538 1533 3613 l

268 3667 402 3732 virginum
415 3664 574 3716 devotarum
588 3665 688 3717 famula
701 3665 799 3717 Christi
816 3673 842 3718 et
855 3667 993 3733 religionis
1011 3667 1113 3733 gratiae
1132 3667 1177 3719 bei
1196 3673 1224 3720 et
1245 3667 1380 3735 regularis
1391 3671 1483 3718 sanctae

269 3767 429 3833 disciplinae
440 3767 515 3818 cultu
525 3773 551 3818 et
561 3767 589 3818 in
602 3768 730 3819 omnibns
741 3767 854 3820 omnino
865 3765 1083 3820 itumilitatibus⁸
1096 3766 1288 3820 oboedientiae
1300 3746 1365 3834 prae
1373 3764 1481 3820 omnibus

271 3868 323 3919 illis
335 3865 526 3932 praecellebat.
551 3864 618 3916 illud
641 3871 733 3918 tamen
750 3867 824 3933 quod
842 3867 948 3919 occulte
967 3867 1031 3919 iecit
1048 3866 1148 3919 ancilla
1169 3867 1281 3930 christi,
1295 3866 1441 3932 proteratur
1457 3854 1513 3912 iu&

272 3966 390 4034 publico.

304 4213 397 4264 Num.
412 4212 461 4264 10.
478 4240 508 4249 -
524 4210 532 4250 ¹
547 4226 600 4280 que
623 4211 695 4265 add.
709 4207 734 4264 i.
758 4240 791 4250 -
802 4213 815 4253 ²
828 4219 902 4267 tanto
924 4217 949 4267 i.
970 4244 1002 4253 -
1013 4211 1027 4254 ³
1039 4214 1220 4282 liadegundes
1239 4215 1267 4266 ἰ.
1288 4240 1322 4250 -
1333 4214 1346 4252 ⁴
1357 4225 1410 4267 om.
1425 4212 1475 4263 i.-

272 4296 330 4358 ⁵(c.
346 4295 362 4347 l.
376 4296 409 4357 s.)
422 4295 439 4345 l.
453 4295 569 4347 aliomm
582 4308 605 4346 c.
624 4295 816 4348 sublevaretur
827 4298 852 4348 i.
867 4325 894 4333 —
909 4297 923 4336 θ
936 4297 1024 4364 geilae
1033 4300 1058 4350 2.
1073 4326 1105 4335 -
1116 4296 1129 4336 ⁷
1142 4291 1473 4363 om.2.—81narcesoel³l

273 4377 298 4427 i.
312 4405 343 4412 —
355 4375 369 4414 ⁹
381 4376 608 4441 discrepationem
622 4380 646 4430 Ξ.
659 4406 692 4414 -
707 4373 731 4414 1⁰
742 4390 821 4428 suum
835 4378 907 4430 add.
923 4381 948 4432 ἱ.
1308 4404 1315 4413 ,

308 4460 400 4510 Num.
418 4461 464 4509 11.
479 4485 508 4495 -
524 4455 533 4497 ¹
550 4467 674 4524 prompto
688 4463 712 4514 il.
727 4487 757 4499 -
770 4458 782 4498 ²
795 4473 853 4513 om.
868 4461 1235 4525 i.-³(c.l1.)irumilitatis
1256 4477 1282 4515 c.
1303 4464 1328 4516 2.
1342 4459 1436 4521 -⁴(ll·
1446 4448 1472 4516 ll)

275 4554 302 4606 q.
315 4540 407 4593 divino
420 4544 444 4593 i.
462 4569 487 4578 -
502 4539 579 4594 5hcc
592 4543 665 4595 add.
679 4545 703 4595 2.
717 4569 750 4579 -
761 4544 774 4582 6
787 4543 832 4594 illo
845 4546 871 4594 2.
883 4570 913 4580 -
925 4544 937 4583 ⁷
951 4544 1047 4595 vestris
1060 4545 1086 4596 Ξ.
1099 4543 1156 4584 -8
1170 4544 1333 4597 humilitatis
1344 4546 1370 4596 i.
