3082 5498
148 302 212 368 188
484 316 610 366 aaran
632 315 733 365 oona.
752 313 928 366 nasoon.
947 315 1028 366 aar.

144 486 231 540 turbis
244 485 406 552 populorum
418 484 589 552 cupientium
602 496 750 550 properare
769 484 804 536 ad
824 478 961 536 tumulum
983 483 1047 535 almi
1068 483 1203 549 praesuiis
1224 487 1262 551 6.,
1278 486 1355 552 coepit

145 584 245 639 iterum
257 590 378 638 maestus
391 597 450 637 esse
463 585 520 649 ipse
530 587 563 636 it.
578 584 655 650 quasi
671 582 759 636 taedio
771 583 907 635 amentiae
917 580 1040 648 aflectus,
1051 587 1077 635 et
1087 583 1350 637 dicerecoramomni·

145 686 197 739 bus
209 685 401 752 praeeuntibus
413 684 484 737 viam
501 699 507 734 :
526 683 645 736 Obeote
655 684 687 736 et
702 682 796 749 dione
815 682 919 746 laude,
938 660 1144 736 admirabilia
1161 683 1268 737 domne
1278 686 1313 749 6.,
1322 684 1346 736 ai

145 783 202 837 tibi
207 784 395 852 placuisset,
404 783 560 849 potuisses
572 781 652 834 mibi
664 782 788 848 aliquid
800 781 1022 834 benedictionis
1033 784 1225 836 munusculo
1236 781 1343 851 alsam,

145 896 225 950 quoe
238 882 295 934 tibi
305 885 379 935 onte
390 883 572 950 sepulcrum
584 883 676 933 tuum
688 879 879 933 dedidissem.
897 883 965 932 bum
982 881 1048 933 haec
1065 880 1160 946 itaque
1179 881 1282 946 diceret,
1293 882 1366 934 videti

145 983 174 1034 in
186 982 294 1048 arbore,
308 982 355 1046 qui
368 986 425 1033 erat
435 981 511 1046 J'unta
524 980 606 1042 viam,
619 978 688 1031 duas
710 985 838 1032 turtures.
853 982 923 1042 Quas
943 980 1064 1046 intuens,
1083 978 1152 1031 dixit
1166 996 1172 1030 :
1190 979 1343 1033 ocanni·

145 1082 223 1135 sime
234 1084 264 1135 et
275 1081 387 1135 domno
398 1094 482 1133 meus
496 1081 607 1133 domm
621 1080 666 1147 6,,
679 1079 710 1133 si
720 1079 901 1146 boiplano,
910 1082 999 1146 potes
1016 1078 1098 1132 milii
1109 1079 1189 1133 dare
1201 1081 1275 1133 istas
1284 1079 1341 1132 dnos

144 1183 296 1247 turtures,
314 1193 394 1246 quaa
412 1178 469 1232 tibi
481 1177 623 1245 deferam
634 1179 677 1232 nd
692 1180 792 1232 locum
813 1179 955 1244 sepulcri
975 1180 1033 1231 tui.
1053 1178 1092 1232 itd
1112 1180 1193 1246 cuius
1205 1190 1343 1233 uocemnm

145 1280 323 1345 adimpletum
337 1283 377 1332 est
388 1279 548 1331 vaticinium
562 1277 646 1331 Dauid
659 1280 808 1344 prophetae
822 1294 828 1329 :
842 1278 1177 1332 Eoeandivitliominus
1190 1278 1343 1346 deprecatio

146 1378 388 1445 compungeris,
402 1378 552 1431 Dominus
569 1377 744 1431 orationem
764 1379 832 1443 ejus
853 1378 1000 1444 aciscepit.
1013 1378 1118 1445 Quippe
1131 1379 1222 1431 statim
1233 1379 1284 1444 ipse
1293 1376 1343 1429 duae
1354 1375 1376 1426 it

146 1489 210 1531 aves
220 1481 283 1531 ante
297 1477 379 1544 pedes
392 1478 477 1542 ipsius
490 1480 523 1531 ii.
537 1477 645 1544 elapsae
659 1482 724 1530 sunt
735 1477 770 1529 de
783 1478 842 1543 ipso
855 1489 962 1530 summo
974 1477 1082 1530 arbore.
1096 1478 1171 1540 Quae
1181 1483 1235 1530 tam
1247 1485 1343 1528 manne

147 1579 235 1632 tactae
246 1584 312 1630 sunt
323 1583 353 1630 ut
366 1584 421 1630 tam
433 1579 490 1643 ipse
503 1592 585 1645 quam
598 1579 688 1631 omnis
700 1578 819 1643 populus
830 1579 877 1644 qui
890 1590 937 1630 eas
954 1578 1073 1642 videbat,
1092 1584 1210 1632 cunctus
1220 1574 1344 1644 uulgusqui

150 1679 280 1745 pergebat
290 1677 325 1730 ad
338 1678 512 1730 festivitatem
533 1679 678 1743 praesulis,
691 1685 737 1730 eas
757 1683 821 1730 ante
842 1691 872 1730 se
892 1677 1071 1744 deducerent,
1087 1674 1345 1744 usquequoperuenia

147 1782 210 1830 sent
222 1777 255 1830 ad
269 1779 391 1845 patronis
401 1779 487 1830 nostri
500 1781 529 1830 G.
544 1777 709 1843 sepulcrum.
724 1780 773 1842 Qui
787 1778 825 1829 ibi
838 1779 896 1843 ipse
916 1778 1046 1830 Martinus
1064 1776 1215 1831 adveniens
1226 1789 1281 1830 cum
1292 1775 1343 1839 ipsas

147 1877 277 1941 aviculas,
291 1877 502 1943 apprehendens
515 1890 571 1942 eas,
586 1878 707 1943 inposuit
727 1891 810 1944 super
819 1878 905 1930 altare
916 1876 991 1944 quod
1004 1876 1092 1930 estad
1104 1881 1186 1942 caput
1198 1877 1340 1942 ipsiuspne
1355 1866 1377 1920 ii

148 1976 225 2040 sutis,
239 1977 353 2028 dicens:
371 1978 393 2030 0
412 1977 579 2029 carissime
590 1977 687 2044 poter
708 1978 817 2030 sancte
839 1977 885 2043 6.,
910 1976 1020 2029 modes
1040 1973 1145 2043 refero
1165 1973 1286 2030 Domino
1303 1971 1344 2023 bct

148 2077 230 2129 coeli
242 2088 279 2130 ac
292 2076 468 2143 terroe,qui
474 2090 535 2144 pro
547 2076 597 2129 tui
607 2076 745 2130 nomime
758 2075 873 2130 bonore
886 2075 942 2130 boa
954 2088 1027 2128 aves
1039 2073 1345 2139 eminentiamque

149 2179 223 2231 ante
234 2177 415 2243 sepntmom
427 2180 514 2230 tuum
528 2176 693 2244 desacrata,
707 2178 750 2230 od
765 2176 1078 2242 condemnatoriam
1090 2174 1228 2229 nomime
1239 2172 1290 2226 aui.
1300 2170 1345 2219 lere

151 2277 233 2343 igitur
245 2277 453 2330 conlaudandus
466 2282 494 2330 et
507 2276 670 2330 metuendus
682 2275 896 2343 adorandusque
909 2281 950 2328 est
968 2276 1050 2328 nimis
1063 2277 1181 2328 lateret
1193 2264 1345 2331 liliusetspi·

153 2376 221 2429 ritus
233 2382 353 2441 sanctus,
367 2377 413 2443 qui
426 2377 488 2429 talia
501 2389 581 2444 agere
590 2376 719 2442 dignatus
739 2381 780 2428 est
800 2389 849 2441 per
870 2375 1003 2428 iamulum
1024 2388 1105 2427 suum
1123 2376 1166 2440 6.,
1180 2380 1210 2426 ut
1222 2385 1272 2425 non
1283 2357 1378 2422 solun„

155 2475 292 2540 perillum
306 2476 432 2543 dignetur
444 2477 551 2542 operari
564 2477 680 2543 insignia
694 2476 834 2540 miracula,
847 2477 894 2528 sed
907 2476 989 2529 etiam
1001 2489 1095 2541 preces
1108 2487 1257 2541 pauperum
1267 2465 1345 2537 placent

154 2572 203 2639 illi,
216 2578 246 2625 ut
258 2573 386 2627 exaudiat
398 2573 620 2639 deprecationem
633 2587 728 2626 eorum
743 2587 790 2638 per
802 2574 986 2627 interventum
999 2574 1120 2640 praesuli
1134 2586 1185 2626 suo
1197 2575 1226 2627 6.

187 2671 218 2724 3.
237 2672 439 2727 0admirabilis
460 2676 538 2738 Deus,
561 2675 640 2739 euius
661 2674 795 2739 sapientia
818 2679 892 2726 tanta
913 2674 1034 2727 excrevit
1060 2674 1089 2725 in
1112 2673 1222 2727 fidelem
1245 2664 1344 2724 tannim

153 2776 229 2824 tuum
251 2773 293 2834 6.,
313 2777 343 2824 ut
362 2786 429 2840 gens
450 2775 496 2839 qui
518 2786 669 2839 numquam
691 2778 804 2825 noverat
824 2774 884 2839 ejus
907 2774 1082 2840 propaginem
1106 2784 1198 2839 neque
1215 2765 1345 2829 actusejuti

152 2869 267 2923 audiens
280 2873 381 2925 monita
395 2875 463 2940 ejus,
477 2886 510 2925 ex
523 2881 568 2925 tua
590 2873 769 2938 inspiratione
793 2886 841 2937 per
863 2886 928 2925 eum
940 2872 1064 2935 edocete,
1079 2871 1181 2924 meruit
1191 2870 1239 2923 tibi
1251 2845 1381 2921 lanuuifl

151 2969 288 3023 credendo
302 2974 408 3023 Patrem
421 2973 584 3039 ingenitum,
599 2972 751 3038 liliumque
771 2972 830 3037 ejus
851 2971 1034 3036 unigenitum,
1058 2971 1190 3036 spiritum
1207 2957 1348 3022 sanctumib

154 3048 271 3135 utroque
283 3070 487 3135 procedentem,
501 3077 528 3123 et
541 3078 600 3136 post
613 3073 671 3137 eius
681 3071 833 3123 discessum
846 3072 881 3124 ab
891 3082 923 3122 eo
932 3070 991 3123 loco
1001 3074 1149 3123 veneratur
1159 3070 1273 3135 populus
1283 3065 1351 3117 uur-

155 3168 308 3223 nicensium
321 3184 370 3236 per
382 3184 480 3224 nomen
494 3172 578 3238 patris
590 3171 683 3225 domni
696 3173 726 3223 G.
750 3172 919 3236 majestatem
942 3170 1028 3222 Patris
1049 3175 1075 3222 et
1087 3168 1147 3221 Filii
1168 3174 1248 3235 atque
1265 3163 1357 3232 spiritus

155 3269 241 3321 sancti
254 3282 316 3321 cum
329 3270 433 3336 angelis
445 3275 473 3322 et
492 3271 620 3322 omnibus
641 3271 742 3322 sanctis
763 3282 838 3322 nunc
850 3275 878 3321 et
890 3282 998 3334 semper
1010 3281 1059 3321 seu
1079 3281 1129 3334 per
1141 3266 1248 3320 infinita
1270 3257 1361 3318 saecul²

155 3367 336 3434 saeculorum,
349 3382 440 3421 amen.
453 3372 597 3436 Postquam
612 3381 678 3421 vero
691 3370 780 3421 almus
797 3368 919 3434 pontifex
929 3365 1085 3420 aedificavit
1096 3367 1152 3418 iilis
1164 3366 1297 3427 ecclesias,
1308 3365 1365 3414 net·
1378 3339 1385 3389 ²

155 3478 211 3518 non
226 3467 385 3534 episcopum
397 3469 437 3520 eis
449 3469 589 3533 ordinans,
610 3468 791 3534 presbyteros,
804 3466 944 3533 diacones,
958 3466 1153 3530 subdiaconos,
1168 3465 1286 3530 acolytis,
1296 3466 1368 3514 eaor·

155 3565 239 3632 cistis,
252 3566 379 3634 ostiariis,
400 3567 557 3632 lectoribus,
571 3580 736 3632 omnemque
757 3565 972 3618 ecclesiasticum
989 3565 1138 3628 [ordinem]
1157 3566 1198 3617 eis
1219 3564 1322 3625 docens,
1340 3550 1376 3605 ⁰¹

156 3663 297 3715 instruens
308 3664 425 3730 qualiter
436 3665 526 3717 sobrie
539 3677 570 3716 ac
579 3665 651 3730 iuste
666 3663 796 3727 viverent,
811 3661 1011 3717 commendavit
1023 3673 1070 3714 eos
1082 3661 1209 3727 bomine,
1220 3654 1376 3715 ammonens

156 3774 204 3815 eos
224 3775 308 3828 super
327 3764 418 3816 omnia
435 3770 465 3817 ut
480 3764 629 3817 castitatem
647 3769 738 3816 mente
751 3768 778 3815 et
797 3775 912 3828 corpore
935 3766 1086 3828 servarent,
1107 3766 1135 3815 et
1153 3774 1249 3827 pacem
1267 3757 1375 3813 intense

124 3897 128 3905 -
157 3865 290 3918 haberent
302 3868 329 3917 et
340 3865 489 3930 caritatem,
503 3865 567 3931 quia
579 3865 625 3918 ubi
638 3865 745 3928 caritas,
759 3863 797 3916 ibi
810 3865 890 3916 [teus.

189 3965 221 4018 4.
235 3966 291 4028 Qua
303 3964 500 4017 ammonitione
512 3969 630 4029 peracta,
641 3963 751 4029 reliquit
763 3975 862 4029 pagum
874 3959 1112 4014 caturnicensium
1132 3959 1250 4013 nomino
1259 3959 1369 4026 jubente

156 4065 353 4131 descenditque
367 4065 395 4116 iu
408 4063 575 4115 territorium
589 4062 808 4128 biturigensium,
831 4063 860 4113 in
879 4062 938 4115 loco
960 4061 1006 4126 qui
1026 4063 1140 4113 vocatur
1161 4058 1256 4126 modo,
1269 4058 1368 4114 bonini

156 4172 304 4229 annuente,
318 4164 390 4218 celia
403 4164 485 4230 patris
498 4162 582 4215 nostri
595 4164 624 4215 6.
639 4163 669 4213 ln
690 4174 774 4227 quem
792 4175 855 4213 cum
877 4161 953 4213 missi
966 4159 1091 4225 inissent,
1112 4158 1260 4213 descendit
1271 4159 1367 4228 angelus

156 4267 203 4319 bei
215 4266 250 4319 de
261 4265 337 4318 eaelo
349 4264 421 4315 inter
433 4263 503 4325 iilos,
516 4261 682 4314 confirmans
695 4260 762 4312 iliud
776 4272 933 4312 sermonem
942 4271 1024 4325 quem
1034 4258 1167 4312 Dominus
1177 4254 1369 4313 loeutussstat

156 4365 293 4431 apostolos
305 4376 388 4416 suos:
408 4360 461 4415 Ubi
472 4358 667 4428 suerintdtco
688 4359 736 4411 ool
758 4363 821 4412 tres
842 4357 1022 4424 congregati
1042 4356 1077 4409 in
1093 4357 1222 4411 nomine
1240 4371 1317 4421 meo,
1336 4357 1385 4411 ibit

157 4463 274 4520 semin
286 4463 515 4515 medioeorum.
539 4459 588 4521 Qui
610 4458 791 4511 deambulans
813 4459 841 4509 in
863 4457 974 4509 fornace
994 4469 1087 4510 coram
1108 4456 1375 4513 eisinmodumiilii

158 4564 214 4629 bei,
228 4575 311 4633 quem
323 4557 557 4628 nabugodonosor
570 4571 618 4609 rex
629 4555 699 4609 vidit
717 4557 902 4609 ambulantem
921 4560 985 4608 ante
998 4555 1085 4608 tribus
1098 4555 1194 4621 pueris
1207 4557 1350 4612 laudantes
1359 4567 1380 4611 ei
