3076 5498
152 114 196 180 88
487 114 623 175 'caram
643 124 744 175 cono.
765 124 941 174 nnerocn.
960 125 1040 176 nar.

154 298 261 352 laudem
275 298 321 351 bei
333 301 360 350 et
373 296 549 363 praeconium
570 293 661 348 tidelis
680 294 753 347 serni
775 292 891 346 ildeliter
911 305 943 345 ac
963 291 1062 347 devote
1075 293 1166 361 placet
1181 294 1381 363 aliquantulum

150 399 316 453 declamare.
330 397 454 463 benique
466 396 512 449 ille
523 394 635 462 placens
647 399 675 448 et
686 395 833 461 quiescens
844 406 907 446 cum
920 395 976 448 lieo
987 393 1017 447 in
1029 395 1143 462 regione
1155 395 1291 463 virorum,
1304 397 1381 450 nohis

152 497 309 563 exemplum
323 495 443 562 reliquit,
456 494 591 547 auxilium
604 493 739 559 impendit
755 494 783 545 in
802 494 914 562 regione
931 500 1115 562 mortuorum,
1128 501 1160 549 ut
1176 500 1204 549 et
1221 510 1274 550 nos
1290 501 1380 550 nostra

151 597 185 651 ad
198 609 323 650 normam
341 595 463 661 justitiae
485 594 667 647 reformemus
679 604 761 658 opera
774 598 800 645 el
811 592 846 645 de
856 593 938 659 iustis
950 594 1082 659 operibus
1100 595 1276 661 proteramus
1288 597 1378 651 rerba.

151 701 228 760 Nam,
241 697 311 749 sicut
332 696 462 749 Dominus
482 699 509 747 et
529 694 652 747 salvator
671 692 747 759 dicit,
764 693 822 753 Qui
833 691 945 761 fecerit
964 696 996 748 et
1012 694 1163 762 docuerit,
1177 694 1229 750 hic
1249 709 1398 764 meorum·

150 796 313 851 vocabitur
332 796 366 848 in
385 807 480 861 repno
500 796 670 848 enehorum.
684 795 769 858 opera
791 793 874 861 igitur
894 793 965 847 bona
987 795 1179 849 existimantes
1197 795 1222 849 si
1242 799 1328 850 beurn
1350 797 1379 848 in

151 896 253 949 sanctia
265 895 323 947 suis
336 892 552 961 magnificemus,
566 890 690 945 dicamus
710 892 782 945 bona
803 891 890 945 sancti
912 891 997 958 patris
1016 893 1122 960 Agerici
1134 898 1272 961 quantum
1289 907 1379 961 possu-

151 1009 213 1048 mus
227 995 329 1063 lingua,
342 992 428 1046 utria
441 992 486 1045 tali
499 997 670 1045 monstrante
682 991 867 1058 perducamur
877 989 911 1043 ad
923 1003 1017 1058 opera.
1032 991 1072 1044 td
1090 991 1222 1059 primurn,
1235 993 1308 1061 qnod
1320 993 1378 1047 sine

151 1095 356 1148 intermissione
367 1093 472 1156 orabat,
486 1091 548 1145 ideo
560 1091 675 1145 bomino
690 1091 793 1157 placuit
801 1091 866 1157 quia
878 1089 938 1156 ejus
950 1098 1097 1158 praecepta
1109 1091 1280 1160 adimplevit,
1292 1093 1339 1160 qui
1351 1093 1377 1146 in

151 1191 292 1260 cvangelio
304 1190 390 1244 dicit:
406 1191 532 1257 Oportet
542 1201 664 1256 semper
674 1201 768 1244 orere
779 1191 810 1242 et
820 1200 883 1243 nore
900 1189 1041 1256 deiicere.
1055 1190 1197 1255 Quomodo
1215 1198 1307 1245 antem
1325 1203 1377 1244 non

151 1291 283 1345 deficiens
302 1290 496 1354 orabattonia
517 1288 621 1342 scilicet
641 1290 787 1342 bominum
805 1289 907 1342 sanctis
927 1289 1055 1354 precibus
1074 1291 1234 1357 sanctisque
1253 1291 1406 1358 operibus.

151 1390 341 1458 benedicebat,
355 1388 586 1457 quemadmodum
600 1387 686 1441 bavid
707 1388 742 1440 de
753 1401 783 1440 se
795 1388 855 1454 ipso
871 1388 1000 1441 dicebat:
1013 1388 1203 1443 Benedieam
1216 1389 1406 1447 mmmmm

152 1492 187 1544 in
207 1489 293 1544 omni
307 1492 451 1557 tempore,
464 1500 586 1555 semper
599 1489 671 1542 ianr
691 1487 757 1552 mus
777 1486 813 1540 in
832 1499 885 1541 ore
897 1499 973 1556 meo,
986 1492 1014 1541 et
1032 1488 1132 1543 Tobios
1147 1488 1184 1542 ad
1204 1488 1291 1545 lilium
1304 1503 1311 1542 :
1323 1491 1406 1544 in-

152 1590 238 1645 omni
256 1593 391 1656 tempore
409 1587 535 1642 benedic
555 1588 651 1640 Derim
663 1588 692 1640 et
699 1590 771 1653 pete
785 1586 825 1640 ab
841 1598 877 1641 eo
891 1589 927 1639 ut
947 1586 1016 1640 nias
1029 1590 1103 1641 imae
1113 1586 1246 1658 diripui,
1257 1591 1288 1643 et
1297 1600 1406 1644 orma

154 1689 434 1758 iemporeconaiiia
453 1692 509 1742 tuo
526 1689 560 1740 in
578 1688 644 1755 r'pao
658 1689 878 1754 permaneant.
892 1687 1054 1741 sicutenim
1066 1688 1289 1756 malisoperibns
1300 1689 1406 1744 ddert

154 1804 295 1858 negamus,
308 1789 348 1842 sic
369 1793 479 1841 econtra
501 1788 583 1841 bonis
604 1787 762 1852 astruimus,
776 1791 804 1840 ct
824 1787 895 1840 bene
915 1788 1001 1840 licum
1021 1791 1082 1840 orat
1093 1787 1141 1854 qui
1155 1801 1238 1854 prece
1251 1793 1298 1843 ant
1307 1790 1406 1844 bon-

153 1903 236 1957 opere
247 1890 404 1956 proximum
417 1886 551 1941 aedificat.
562 1888 629 1952 Quia
638 1892 740 1950 autern,
751 1887 822 1939 sicut
833 1887 872 1939 illi
885 1892 1009 1953 pastores
1018 1887 1170 1956 evangelici
1182 1902 1406 1960 snpraqrepem

151 1990 311 2057 vigilabant,
324 1991 360 2042 ita
381 1989 432 2041 iste
453 1987 624 2042 orationibus
646 1989 701 2040 beo
721 1987 840 2053 acceptis
861 1986 1002 2041 custodiae
1023 1987 1236 2044 commissorum
1252 1991 1406 2046 instabat

152 2090 214 2143 ideo
227 2089 325 2142 meruit
337 2090 372 2142 ab
384 2088 489 2155 angelis
499 2088 604 2140 visitari
617 2092 643 2140 et
656 2086 777 2140 mortalis
790 2086 881 2141 adhuc
893 2087 955 2141 luce
965 2087 1126 2141 caelestium
1138 2088 1243 2155 perlrni
1253 2106 1262 2157 ;
1273 2094 1302 2143 et
1310 2091 1406 2144 sicu

116 2255 118 2259 y
152 2190 191 2243 illi
212 2189 326 2256 gloriam
348 2189 376 2240 in
396 2187 510 2240 excelsis
533 2189 588 2240 beo
616 2191 644 2240 et
665 2199 760 2253 pacem
787 2186 877 2240 bonae
902 2187 1052 2240 uoluntatis
1077 2188 1236 2243 hominibus
1259 2189 1406 2244 canenffl·

152 2289 362 2354 annuntiabant,
385 2285 423 2340 ita
444 2287 487 2339 isti
509 2289 595 2339 beum
616 2286 644 2338 in
666 2291 761 2339 sancto
782 2299 833 2339 suo
858 2285 989 2352 pontiilce
1015 2285 1227 2357 glorificabant3
1247 2289 1404 2357 quomod

152 2390 254 2443 etiamt
265 2389 304 2440 illi
317 2387 350 2441 ad
364 2387 480 2440 salutem
494 2384 591 2439 mundi
600 2386 813 2455 designaverunt
824 2386 996 2440 nativitatem
1006 2388 1160 2455 cbristi,ita
1169 2389 1214 2443 isti
1225 2391 1261 2445 ad
1269 2389 1406 2444 satum

151 2488 288 2541 Ecclesiae
297 2492 454 2541 sanctornm
464 2498 579 2552 corpora
588 2490 784 2539 monstravere.
795 2486 923 2555 lqiturab
932 2487 1105 2555 angelicam
1114 2489 1261 2543 animabus
1273 2488 1406 2544 sanctia

152 2601 168 2640 a
189 2587 269 2640 nobis
290 2587 373 2639 etiam
395 2586 423 2637 in
443 2598 560 2651 corporo
580 2583 680 2637 Christi
703 2585 833 2653 minimis,
846 2585 1010 2640 decantetur
1029 2587 1116 2655 gloria
1135 2588 1193 2656 regi
1211 2589 1406 2644 saeculorum

151 2686 307 2751 immortali,
321 2685 460 2749 invisibili,
474 2685 521 2751 qui
534 2691 576 2737 est
593 2684 756 2739 benedictus
773 2685 801 2738 in
820 2686 939 2739 saecula.
955 2688 1026 2740 llaec
1039 2698 1090 2741 nos
1102 2687 1137 2740 ad
1148 2687 1267 2756 gloriam
1278 2689 1332 2758 bei,
1342 2694 1406 2741 at

150 2785 391 2839 commonitionem
404 2782 576 2836 audientium
587 2781 689 2836 dixisse
700 2782 835 2849 sulliciat;
850 2785 913 2836 hinc
925 2785 1071 2839 redeamus
1083 2785 1117 2838 ad
1129 2799 1252 2841 causam.

184 2885 234 2936 14.
247 2883 436 2936 childebertus
454 2895 501 2936 rex
521 2895 583 2935 cum
604 2882 733 2949 placitum
754 2889 781 2936 et
800 2883 970 2937 conventum
987 2884 1137 2938 multorum
1148 2886 1264 2941 virduni
1282 2887 1406 2942 hahere

150 2981 298 3047 debuisset,
312 2987 473 3035 etsancturo
487 2981 576 3033 virum
596 2981 751 3035 dilectionis
772 2995 803 3034 ac
824 2983 1010 3036 venerationis
1031 2983 1203 3050 amplexibus
1224 2984 1399 3040 bonomi,

150 3094 212 3134 enm
234 3081 357 3134 obsoniis
379 3080 540 3133 necessariis
561 3093 618 3134 non
630 3082 737 3148 patiens
749 3081 867 3149 gravari,
885 3081 1001 3135 remcvh
1022 3081 1124 3136 servitii
1147 3085 1336 3140 necessitatem
1358 3080 1391 3134 el

150 3180 277 3247 placitum
298 3181 434 3233 transtulit
453 3181 487 3233 ad
508 3183 657 3234 belensem
677 3181 822 3235 civitatem.
844 3183 968 3249 cumque
988 3183 1168 3249 consequenti
1190 3189 1314 3253 tempore
1332 3172 1406 3254 pet*

149 3282 245 3336 urbem
259 3282 368 3334 iecisset
377 3282 531 3349 transitum,
542 3287 595 3334 eta
608 3287 702 3335 sancto
715 3281 844 3348 pontillce
856 3282 975 3350 benigna
987 3288 1061 3336 esset
1072 3289 1219 3351 susceptus
1228 3286 1371 3345 odedire

150 3381 304 3434 humanitas
316 3394 427 3449 quoque
447 3381 587 3447 hospitalis
606 3381 630 3434 ei
643 3381 819 3435 exhiberetur
836 3394 899 3435 cum
917 3382 992 3434 omni
1010 3395 1076 3435 cura
1098 3387 1126 3437 et
1142 3383 1369 3454 sollicitudine,lr

150 3482 208 3548 ipso
222 3481 328 3534 terrore
340 3481 430 3548 regiae
441 3479 581 3535 servitutis
592 3478 728 3534 accedens
739 3480 773 3533 ad
786 3494 850 3533 eum
863 3494 1031 3536 oeconomus
1043 3496 1137 3537 rernm
1149 3497 1265 3539 suarum
1276 3486 1368 3541 unlrm

148 3579 213 3632 salis
231 3579 319 3631 :litai
330 3579 408 3645 alia,
423 3580 521 3646 inquit,
535 3580 669 3647 domine,
679 3579 873 3647 providendo
885 3581 1094 3652 abundemus,
1113 3583 1227 3640 vinnm
1236 3588 1276 3640 nt
1293 3586 1373 3654 made

147 3678 226 3731 stati
234 3678 340 3746 repiae
351 3678 590 3733 decetenhibere
600 3693 664 3734 non
670 3681 1129 3750 porrumm‚qniapraetercas
1140 3685 1293 3756 medinm,
1303 3687 1406 3756 qnod!

148 3781 244 3832 tonna
256 3778 433 3845 culpariter
444 3779 573 3844 dicitur,
585 3779 667 3833 nihii
681 3779 837 3835 hebernus.
850 3783 927 3835 Tunc
938 3782 980 3835 vir
991 3783 1048 3849 bei,
1063 3782 1092 3836 in
1108 3796 1140 3838 re
1151 3796 1290 3853 corporea
1305 3800 1379 3856 anan

148 3878 254 3943 stiatus,
276 3878 323 3932 sed
341 3878 424 3932 corde
444 3880 473 3931 in
494 3880 608 3934 bomino
629 3880 756 3933 dilatatus
772 3881 876 3949 :Noli
898 3881 997 3949 inquit,
1018 3883 1240 3952 desperatione
1262 3888 1380 3956 impue-

147 3990 241 4045 acere,
254 3979 309 4032 red
319 3978 401 4045 affer
421 3978 501 4032 mihi
520 3979 558 4032 de
576 3978 681 4032 eodem
695 3978 955 4047 liquore5pctena
966 3985 1011 4036 est
1023 3984 1104 4037 Deris
1123 3983 1297 4042 trr‘rtitiem
1311 4000 1382 4057 per·

148 4075 254 4130 citatis
266 4079 393 4130 nostrae
413 4077 448 4128 in
468 4077 622 4143 pendium
643 4077 858 4132 abundantiae
875 4084 1076 4135 commutare.
1090 4082 1170 4151 bixit,
1185 4090 1214 4138 et
1232 4084 1320 4142 allato
1337 4088 1383 4142 sibi

148 4177 226 4241 vino,
239 4175 378 4243 paululum
400 4175 514 4242 sorbuit,
527 4181 553 4229 et
570 4175 604 4228 ad
623 4177 730 4230 caelum
751 4177 844 4233 oculos
865 4179 1033 4234 sublevans:
1054 4181 1194 4252 Domine,
1214 4186 1321 4256 inquit,
1333 4192 1406 4244 cml

180 4372 273 4429 Num.
288 4373 337 4429 18.
351 4401 383 4412 —
395 4377 403 4413 ¹
417 4386 476 4427 om.
489 4375 514 4427 i.
526 4377 580 4412 -2
591 4379 682 4428 autom
694 4377 718 4428 i.
734 4401 764 4416 ·-
776 4381 788 4416 ³
800 4376 901 4431 sanctis
915 4375 990 4431 add.
1008 4379 1034 4430 i.
1083 4358 1086 4363 ¹
