3076 5498
326 295 421 345 nisa.
440 295 524 345 aaa.
544 296 661 346 Panis.
680 316 725 327 -
742 296 820 346 oon.
841 297 877 346 u.
896 297 932 346 a,
951 294 1029 346 aest.
1228 282 1296 348 519

159 469 225 547 26⁰
251 469 405 571 [Passio]
423 478 646 548 sanctorum
667 432 827 548 Cosmae
841 480 879 548 et
897 471 1072 546 Damiani
1094 469 1297 570 (808198-
1373 541 1376 546 .

157 594 462 819 simitaritia
481 719 603 796 sancti
623 719 831 818 Michaelis]
849 719 931 811 (fol.
952 719 1193 819 nair-notun

159 842 225 919 28⁰
250 841 358 943 [Vita]
398 842 521 920 sancti
558 842 782 943 Hieronymi
824 842 1043 944 presbyteri
1074 842 1151 943 (fol.
1189 842 1298 920 8068-

93 965 373 1166 laetitiis.

159 1197 226 1274 29⁰
252 1196 358 1298 [Vita]
377 1197 499 1275 sancti
518 1197 645 1274 Basoli
664 1197 900 1275 confessoris
923 1196 1000 1298 (iol.
1023 1195 1239 1295 ins-nisi).

92 1332 143 1385 Ed,
159 1346 203 1397 ap.
218 1332 357 1395 mabillon,
371 1333 436 1384 Act.
449 1332 494 1384 88.
512 1332 541 1384 O.
555 1333 582 1384 S.
595 1332 640 1395 B.‚
655 1343 726 1383 saec.
740 1333 771 1397 ll,
788 1345 813 1395 p.
827 1332 913 1384 bsai.
927 1332 978 1383 Sed
992 1332 1020 1382 in
1033 1331 1095 1384 cod.

92 1437 124 1495 a)
143 1432 311 1483 Praemissus
325 1437 365 1482 est
378 1431 518 1498 prologus,
533 1431 579 1496 qui
593 1431 647 1484 inc.
662 1430 922 1483 Beatissimorum
935 1430 1000 1483 aita
1013 1430 1154 1483 uirorum
1166 1444 1238 1486 cum
1256 1433 1300 1486 sit

56 1532 201 1600 plor-iasa
213 1531 247 1581 in
258 1530 419 1596 exemplis,
433 1529 633 1583 admirabilis
647 1529 846 1596 inoperimus,
873 1529 1043 1582 laudabilis
1065 1530 1100 1581 in
1118 1530 1296 1591 virtutibus,

58 1630 211 1684 decorata
223 1630 266 1682 ael
278 1629 496 1682 ertarrandum
510 1629 695 1696 matanatis,
705 1629 867 1695 plerisque
879 1630 963 1682 dura
976 1632 1021 1681 est
1033 1642 1071 1683 ac
1084 1629 1256 1696 difficilis...

94 1729 121 1791 bl
134 1729 293 1782 intermixta
306 1733 370 1781 sunt
381 1730 467 1781 mulla
480 1729 664 1794 paraenetica,
678 1730 705 1781 in
719 1729 764 1782 ed.
780 1730 979 1795 praetermissa.

95 1830 122 1893 c)
135 1830 165 1881 ln
179 1827 235 1881 fine
247 1827 310 1882 add.
325 1829 376 1882 hoc
388 1828 551 1880 miraculum
565 1844 572 1880 :

99 1928 138 1981 In
150 1941 210 1994 quo
225 1929 289 1983 loco
300 1940 341 1980 en
353 1927 404 1981 die
413 1940 491 1980 suae
502 1926 724 1980 translationis
732 1926 896 1993 plurimae
906 1926 1040 1980 uirtutes
1048 1929 1298 1995 pandiderunt,

61 2040 144 2096 quae
160 2040 221 2093 per
242 2027 469 2094 neplepentiam
487 2038 549 2080 non
567 2028 641 2079 sant
658 2027 804 2093 scriptae.
827 2027 888 2081 Nos
911 2038 981 2080 aero
1001 2027 1039 2078 de
1058 2030 1176 2094 quanto
1188 2031 1296 2082 nostra

61 2129 201 2194 tempore
211 2130 270 2180 aut
280 2126 353 2192 fleri
373 2126 520 2188 vidimus,
532 2129 590 2179 aut
604 2123 726 2193 factam
739 2128 821 2179 certe
840 2127 979 2179 veridica
997 2129 1129 2192 patrum
1145 2127 1300 2182 relatione

60 2226 272 2294 captavimus,
286 2225 381 2279 silere
399 2226 606 2292 nequivimus.
624 2226 775 2279 Processu
785 2226 919 2292 deniqne
931 2227 1077 2293 temporis
1091 2230 1164 2293 past
1181 2226 1299 2280 obitum

60 2325 238 2380 beatissimi
253 2325 326 2386 oiri,
340 2325 468 2379 advenit
486 2326 616 2391 qnidam
638 2324 725 2379 bomo
738 2325 865 2378 natione
875 2325 999 2385 nobilis,
1013 2326 1067 2377 sed
1079 2324 1172 2393 snare
1189 2327 1296 2395 nimis,

60 2424 106 2478 ad
122 2424 229 2477 sancti
244 2425 424 2491 sepulcrum
442 2436 541 2477 cansa
561 2425 724 2477 matianis.
741 2425 799 2483 Qui
820 2437 892 2479 cam
912 2424 950 2478 ab
972 2425 1114 2478 oratioue
1133 2439 1153 2479 a
1174 2428 1294 2479 tumulo

57 2523 254 2577 surrexisset
265 2526 294 2576 et
307 2523 453 2577 bacalum
469 2523 677 2588 sanctijaeta
690 2526 870 2590 sepulcrum
889 2524 1022 2577 intuitus
1034 2523 1156 2591 fuisset,
1175 2526 1295 2593 accepit

57 2622 164 2676 inum.
181 2622 274 2680 mem
285 2623 460 2689 supponens
472 2626 575 2676 mento
584 2636 640 2677 suo
652 2626 681 2676 et
693 2636 790 2690 super
793 2624 906 2690 pedem
915 2623 1047 2676 inntens
1056 2637 1090 2676 se
1097 2627 1292 2692 sustentans,

59 2720 138 2789 qaia
148 2733 302 2788 procerae
318 2725 463 2776 staturae
479 2725 558 2788 erat,
571 2723 793 2777 subsannando
811 2723 895 2776 diarii
915 2740 947 2774 :u
968 2723 1016 2775 En
1036 2722 1220 2792 manifestat
1238 2725 1297 2778 iste

59 2820 197 2875 baculus
209 2835 302 2887 quam
311 2835 434 2888 parvae
453 2825 598 2875 staturae
614 2823 715 2890 faerit
733 2823 877 2876 Basoius.
894 2824 1004 2877 »Hanc
1017 2822 1242 2890 blasphemiam
1260 2825 1294 2876 in

59 2923 206 2974 sanctum
214 2921 271 2973 Dei
281 2921 399 2985 dicens,
413 2921 485 2974 ilico
492 2934 548 2988 pes
561 2922 626 2986 ejus
638 2923 690 2975 cui
703 2922 833 2975 baculas
846 2921 992 2975 haeserat
1003 2922 1175 2987 emarcuit,·
1188 2923 1295 2989 sicque

55 3021 130 3085 post
140 3016 314 3085 arefactas,
329 3019 438 3072 diuina
452 3020 572 3073 ultione
584 3022 767 3087 turpissima
781 3023 935 3073 nutltatus
946 3023 990 3073 est
1000 3023 1106 3074 morte.
1121 3021 1213 3079 Quem
1223 3034 1294 3075 curn

60 3118 103 3171 ad
121 3119 347 3170 tumulandam
359 3117 445 3185 ferre
456 3119 656 3186 disponerent
669 3121 707 3172 de
718 3123 834 3187 Septem
852 3120 1003 3173 salicibus
1015 3121 1057 3172 ad
1074 3122 1221 3174 Sanctum
1235 3122 1291 3174 Ba·

58 3218 173 3280 solam,
186 3218 273 3270 nidlo
293 3220 383 3272 modo
404 3219 521 3272 moueri
536 3220 649 3285 potuit.
664 3221 901 3286 Proposuerant
919 3220 1031 3272 iterum
1047 3223 1081 3272 iti
1093 3218 1233 3286 ferretur
1250 3221 1293 3273 ad
1400 3267 1405 3279 ,

56 3316 168 3370 Sancti
180 3316 313 3381 Remipii
323 3317 513 3370 cimiterium
523 3334 532 3382 ;
544 3319 573 3370 et
585 3331 640 3371 nec
653 3319 699 3372 sic
712 3319 829 3371 moueri
836 3319 950 3385 potuit.
961 3319 1101 3371 videntes
1114 3331 1188 3384 erpo
1202 3319 1227 3369 ii
1239 3319 1294 3385 qui

54 3427 130 3468 eum
148 3415 310 3468 tumtilare
321 3414 469 3468 debebant
480 3416 560 3482 quod
573 3416 721 3482 indipnus
737 3420 815 3469 esset
827 3418 861 3468 in
874 3417 936 3470 ista
953 3417 1191 3482 diocestjacere,
1204 3417 1293 3469 detu-

52 3513 325 3570 malitiarum
341 3513 539 3569 cathaloniae
561 3516 729 3575 territorio.
751 3517 934 3570 necessitate
953 3520 1085 3582 caparae,
1099 3516 1201 3583 ibique
1220 3529 1291 3570 eum

48 3615 260 3684 sepelierant.

160 3703 226 3788 30⁰
252 3712 408 3814 [Passio]
439 3714 623 3791 undecim
654 3714 809 3791 milium
845 3715 1040 3815 virginum
1071 3714 1149 3815 (fol.
1182 3714 1293 3792 aar·

208 3843 318 3943 naon.

80 3988 355 4051 nannetensi,
370 3996 433 4042 lom.
449 3991 493 4051 111,
508 4005 534 4056 p.
549 3991 617 4041 7-20.
627 3989 694 4054 som.
708 3989 845 4055 prologus.

158 4085 224 4162 31⁰
251 4087 382 4167 Passio
413 4094 636 4166 sanctoruni
669 4088 837 4188 Crispini
869 4096 907 4166 el
939 4088 1170 4189 Crispianini
1205 4089 1284 4186 (fol.

207 4217 450 4319 236l-239V).*

157 4349 223 4427 320
249 4352 379 4430 Passio
395 4362 618 4455 sanctoruni
638 4353 808 4431 Simonis
827 4359 864 4430 et
881 4354 1003 4430 indae
1022 4354 1290 4453 apostolorum

207 4474 285 4572 [sol.
307 4473 555 4577 idol-biiii*
