3076 5498
323 337 415 385 aran.
435 336 519 385 nar.
539 336 655 388 enters.
675 356 720 367 -
736 337 908 387 saeptam.
928 338 952 386 r.
1191 322 1259 389 529

130 506 283 571 quassatio;
296 517 343 558 vas
355 504 428 570 quod
443 517 493 557 nec
506 505 632 558 hiemalis
650 506 783 571 temporis
803 505 930 558 sollicitat
950 504 1073 558 molestia
1096 516 1147 557 nec
1166 505 1260 558 aestivi

130 604 212 656 erurit
223 602 420 668 inclementia3
434 614 481 654 vas
502 603 574 669 quod
599 615 650 655 nec
671 603 727 654 sitit
748 616 799 655 nec
821 604 909 655 esurit
924 616 975 655 nec
987 603 1071 656 taetet
1083 615 1134 656 nec
1146 601 1263 669 deperit.

130 716 145 754 c
166 706 291 754 servatur
313 701 444 768 quicquid
465 701 561 754 heatae
587 701 688 754 itariae
709 701 884 770 magdalenae
904 703 1063 768 patrociniis
1086 706 1114 756 et
1136 701 1265 769 precibus

130 802 251 853 indatur.

130 904 287 952 evertamur
307 898 340 951 ad
363 899 549 966 peregrinum,
571 912 622 952 nec
643 905 762 953 vertatur
783 899 812 952 in
824 899 945 954 taedium
965 899 1061 954 audire
1081 899 1163 967 quale
1185 899 1212 954 ei
1229 880 1264 953 de

130 999 199 1051 ione
221 1010 270 1050 sua
290 997 417 1051 solatium
436 998 554 1065 gloriosa
581 999 663 1054 itaria
687 999 846 1067 llagdalena
869 999 997 1066 precihus
1020 999 1078 1052 suis
1101 997 1259 1064 contulerit,

133 1099 323 1151 rmaestitiam
344 1111 421 1151 suam
443 1099 471 1151 in
491 1098 621 1164 gaudium
641 1101 820 1153 converterit.
833 1102 892 1153 lam
912 1104 994 1153 vento
1012 1098 1137 1168 graviore
1148 1098 1263 1152 carbasa

130 1202 196 1262 ente,
210 1198 287 1250 navis
298 1202 390 1264 optato
403 1198 491 1263 portui
509 1198 649 1263 applicuit,
663 1204 691 1251 et
711 1198 774 1252 dato
795 1199 877 1252 naulo
895 1199 1056 1267 peregrinus
1068 1211 1194 1266 egressus
1208 1201 1260 1251 est.

130 1309 202 1362 oque
215 1295 320 1363 aliquot
330 1295 437 1349 dierum
450 1297 559 1363 itinere,
570 1297 689 1350 obviavit
699 1297 724 1350 ei
737 1297 784 1364 qui
797 1310 880 1365 supra
892 1297 1000 1351 tirmam
1016 1301 1120 1365 petram
1132 1295 1264 1350 mundatus

130 1401 221 1462 tetrus,
241 1401 268 1448 et
287 1395 429 1448 sciscitans
450 1397 626 1463 peregrinum
647 1397 725 1464 cujus
748 1398 955 1463 ammonitione,
968 1397 1073 1464 quade
1093 1409 1177 1450 causa
1197 1396 1263 1449 illuc

130 1500 157 1558 et,
172 1496 230 1548 viso
243 1496 320 1562 signo
341 1496 431 1547 crucis
451 1496 554 1553 umeris
573 1497 632 1563 ejus
654 1495 743 1560 affixo,
756 1498 865 1566 gavisus
882 1504 942 1563 est;
956 1497 1033 1551 novit
1052 1496 1126 1550 enlm
1148 1497 1221 1563 quod
1234 1497 1263 1548 iu

129 1609 152 1646 ts
173 1594 248 1646 unde
273 1599 389 1646 venerat
410 1593 597 1660 praedicatum
618 1601 692 1648 esset
713 1595 828 1649 verbum
849 1597 905 1649 liei.
919 1597 967 1648 cui
987 1597 1149 1664 peregrinus
1172 1595 1265 1648 omnia

130 1695 137 1744 i
152 1693 321 1759 acciderant,
335 1700 391 1746 tam
412 1694 440 1746 in
461 1700 535 1746 terra
557 1708 638 1762 quam
657 1696 685 1747 in
704 1696 784 1759 mari,
798 1697 877 1763 cujus
889 1696 1054 1762 hortamine,
1067 1709 1122 1762 qua
1134 1697 1169 1749 de
1182 1708 1263 1749 causa

130 1799 231 1846 'encrat
252 1793 398 1860 diiigenter
419 1794 559 1860 explicuit.
581 1796 638 1858 Quo
660 1795 770 1860 penitus
791 1795 895 1860 audito,
917 1797 1013 1848 Petrus
1033 1795 1090 1848 ait:
1104 1793 1264 1861 Pastilli,

130 1892 241 1957 ·‚·lteoe
252 1892 375 1956 venisti,
387 1893 463 1945 utili
474 1893 607 1947 consitio
618 1893 793 1947 credidisti.
807 1894 980 1948 Persevera
999 1894 1035 1946 im
1051 1893 1136 1961 berto,
1149 1896 1180 1948 et
1192 1892 1265 1947 tene

130 1993 168 2045 it.
182 1993 246 2046 Nec
258 1994 385 2046 moleste
404 1990 502 2060 feras,
516 1992 545 2044 si
560 1994 649 2046 salva
669 1991 757 2059 facta
769 1993 811 2045 sit
825 1993 942 2046 mulier
954 1995 1020 2058 tua,
1033 1992 1064 2046 si
1075 1992 1223 2059 dormiat,
1236 1993 1265 2045 si

134 2092 184 2143 lus
196 2103 269 2144 eum
280 2103 317 2144 ea
329 2091 461 2157 quiescit
471 2107 480 2158 ,·
490 2094 601 2158 potens
614 2097 656 2144 est
668 2091 753 2144 enim
765 2091 914 2145 Dominus
926 2092 980 2144 cui
997 2091 1064 2144 cett
1082 2091 1171 2156 dare,
1184 2091 1264 2144 dota

130 2203 168 2257 re,
182 2171 291 2244 ablata
303 2190 480 2244 restituere.
493 2192 553 2257 Epo
566 2204 636 2243 sum
648 2191 762 2244 Petram
773 2207 782 2258 ,·
793 2203 849 2257 epo
865 2203 918 2244 ero
934 2190 1001 2243 dum
1018 2192 1048 2244 et
1066 2202 1164 2245 comtes
1177 2191 1261 2243 mus.

130 2288 271 2342 ntroduxit
283 2301 345 2341 eum
359 2289 564 2355 Hierosolymis
577 2288 624 2341 ulti
638 2301 744 2355 passus,
758 2295 882 2342 mortuus
894 2293 921 2342 et
933 2290 1058 2356 sepultus
1071 2289 1162 2343 iuerat
1175 2289 1263 2342 domi·

130 2393 192 2440 ister
203 2390 283 2440 lesus
294 2387 427 2450 christus,
441 2392 468 2440 ct
479 2388 513 2440 ad
526 2387 580 2440 alia
591 2388 670 2455 plura
682 2389 742 2442 loca
756 2388 834 2442 duxit
846 2401 921 2455 eum,
934 2388 1084 2442 ostendens
1106 2388 1131 2441 ei
1151 2389 1265 2441 virtutes

130 2486 192 2553 ligia
205 2499 276 2552 quae
289 2485 354 2538 tecit
366 2486 498 2538 llominus
513 2493 606 2539 noster
617 2489 696 2540 lesus
708 2485 832 2540 Christus
845 2488 873 2540 in
886 2493 1036 2555 conspectu
1053 2485 1265 2554 discipulorum,

130 2596 277 2636 numerare
290 2597 338 2649 per
350 2584 457 2651 singula
471 2597 526 2637 non
540 2590 581 2638 est
592 2590 702 2639 nostrae
714 2585 860 2651 facultatis,
873 2587 920 2653 qui
934 2585 1017 2640 nudis
1028 2586 1120 2640 vernis
1132 2591 1160 2640 et
1170 2584 1263 2654 vulga·

130 2684 226 2734 utimur·
238 2683 393 2737 sententiis.
714 2687 716 2689 ’

130 2793 183 2833 tum
196 2782 263 2833 llaec
276 2783 368 2834 omnia
385 2781 545 2848 peregrinus
557 2788 651 2836 noster
663 2785 837 2850 investigaret
849 2786 877 2836 et
888 2783 985 2838 sedula
997 2789 1091 2838 mente
1100 2783 1262 2850 inquireret,

130 2924 131 2930 ,
153 2885 218 2933 sunt
238 2881 344 2933 biennii
364 2880 408 2933 vel
428 2882 571 2948 amplioris
591 2884 723 2948 temporis
751 2883 899 2937 curricula.
922 2883 1044 2937 Tandem
1062 2882 1109 2937 ille
1121 2894 1258 2950 reversae,

130 2981 223 3032 toeati
245 2981 317 3033 Petri
330 2979 453 3046 licentia,
467 2983 618 3048 repatriare
639 2984 753 3049 curavit,
772 2988 799 3036 et
820 2983 886 3036 dum
906 2984 1028 3037 venisset
1039 2982 1074 3036 ad
1095 2996 1181 3048 mare,
1201 2983 1265 3036 dato

130 3092 224 3131 navem
238 3080 409 3132 conscendit.
431 3082 523 3133 ltautis
544 3095 607 3135 vero
630 3081 731 3135 obnixe
743 3083 826 3135 remis
847 3081 1000 3147 utentibus,
1023 3084 1077 3135 lteo
1098 3081 1264 3147 disponente

130 3176 216 3230 ollem
230 3178 276 3230 ubi
297 3190 398 3244 corpus
414 3179 537 3233 mulieris
556 3194 619 3232 cum
633 3193 718 3246 puero
740 3180 922 3234 collocaverat
941 3179 1159 3236 letificaverunt.
1177 3184 1263 3245 Quem

132 3275 220 3329 disset
231 3277 405 3342 peregrinus,
419 3277 494 3330 dedit
515 3280 632 3344 pretium
645 3283 675 3332 ut
696 3293 807 3332 cursum
829 3280 960 3333 sisterent
981 3285 1007 3332 et
1030 3293 1096 3344 eum,
1114 3278 1148 3333 ad
1163 3278 1264 3332 collem

130 3379 182 3438 ent,
197 3379 224 3426 et
236 3376 323 3439 pretio
336 3375 476 3428 mediante
496 3378 530 3429 ad
548 3376 645 3429 collem
669 3376 776 3429 delatus
787 3383 838 3429 est.
852 3379 883 3429 at
907 3391 970 3430 cum
990 3377 1127 3443 applicare
1143 3376 1268 3440 deberet,

131 3473 270 3535 uerutum,
285 3475 331 3541 qui
346 3486 422 3527 more
436 3476 514 3528 solito
537 3489 617 3528 secus
630 3476 694 3528 litus
717 3476 808 3528 lusum
820 3479 944 3541 venerat,
957 3477 1078 3528 harenae
1099 3476 1265 3540 involutum,

130 3586 139 3623 s
152 3573 268 3633 conchis
278 3573 480 3626 immiscentem
495 3592 502 3640 ;
516 3580 542 3626 et
554 3574 688 3641 quidnam
698 3580 772 3628 esset
790 3575 930 3628 ammirari
943 3587 1000 3628 non
1012 3574 1155 3640 desinens,
1168 3576 1268 3642 scapha

130 3680 144 3722 :.
158 3673 243 3735 Quem
255 3684 318 3723 cum
332 3672 486 3725 attenderet
498 3672 639 3738 puerulus,
652 3674 700 3739 qui
723 3686 873 3740 numquam
887 3673 967 3725 talem
981 3671 1097 3740 viderat,
1111 3672 1229 3739 expavit,
1243 3679 1271 3725 et

132 3769 261 3830 catulino.
285 3771 413 3836 palmulis
436 3771 525 3825 odicio
547 3771 647 3837 pedum
669 3773 857 3839 iungentibus,
879 3771 913 3825 ad
935 3772 1016 3824 solita
1037 3772 1131 3825 matris
1153 3770 1271 3825 recurrit

130 3913 131 3920 ,
144 3875 171 3920 et
180 3870 231 3921 sub
244 3869 387 3936 chlamyde
399 3871 522 3923 latitabat
535 3871 652 3925 occulte.
667 3872 831 3938 Peregrinus
848 3884 923 3937 vero,
936 3876 966 3923 ut
978 3870 1151 3924 manifestius
1162 3870 1271 3924 videret

130 3974 199 4033 sset,
213 3969 338 4032 accessit,
352 3974 378 4021 et
391 3970 495 4022 invenit
508 3970 655 4036 puerulum
665 3975 784 4023 staturae
795 3970 998 4036 pulcherrimae
1009 3970 1104 4023 vivum
1118 3974 1144 4022 et
1156 3970 1271 4037 papillas

130 4072 301 4134 sugentem,
323 4080 431 4133 pannos
451 4082 527 4131 vero,
546 4082 617 4135 quos
640 4070 747 4136 corpori
769 4075 982 4136 superposuerat
1002 4076 1029 4122 et
1051 4068 1180 4135 desuper,
1202 4070 1271 4123 adeo

130 4173 198 4232 ntes,
212 4167 281 4220 adeo
294 4173 430 4235 recentes,
445 4180 475 4220 ac
489 4168 511 4219 si
524 4169 552 4219 in
567 4169 669 4234 pertica
690 4168 732 4220 vel
743 4169 773 4220 in
786 4181 848 4221 arca
862 4169 896 4221 ab
909 4167 955 4220 illa
973 4167 1019 4220 die
1031 4169 1060 4220 in
1072 4180 1126 4233 qua
1138 4167 1176 4219 ibi
1189 4169 1271 4233 positi

130 4271 147 4316 lt
159 4264 306 4330 diligenter
317 4265 435 4318 tuissent
446 4266 582 4318 collocati.
596 4266 785 4319 consideravit
798 4266 890 4328 etiam,
903 4266 977 4332 quod
989 4265 1023 4317 ad
1032 4264 1200 4318 audiendum
1214 4277 1270 4318 non

130 4378 180 4416 nus
190 4363 362 4431 delectabile,
370 4377 470 4429 corpus
481 4370 622 4418 matronae
631 4366 700 4418 adeo
711 4364 838 4430 odorum,
850 4363 919 4418 adeo
929 4364 1091 4420 coloratum.
1102 4365 1173 4417 sicut
1183 4364 1273 4418 dierat

130 4464 193 4515 ritae
205 4463 343 4529 spiraculo
355 4468 534 4530 vegetaretur.
556 4465 614 4527 Quo
626 4464 694 4527 viso,
716 4464 824 4530 gavisus
845 4467 896 4527 est,
907 4469 935 4515 et
946 4461 1093 4529 procidens
1110 4463 1139 4515 in
1160 4467 1272 4529 terram,

130 4575 137 4612 s
148 4561 204 4628 egit
214 4562 330 4614 llornino
339 4565 435 4613 nostro
444 4562 510 4614 lesu
519 4561 626 4614 Christo
634 4566 661 4614 et
670 4562 766 4616 heatae
775 4561 875 4615 itariae
884 4559 1069 4628 llagdalenae,
1080 4561 1158 4627 cujus
1167 4560 1274 4614 meritis

130 4672 201 4714 trau.
221 4671 309 4713 vanis.
329 4671 356 4714 a.
374 4671 412 4713 nr.
1173 4659 1207 4712 st
