3076 5498
330 305 423 357 utcu.
442 304 525 354 hau.
546 303 664 353 Paleis.
683 323 729 333 -
744 303 900 352 APPEND.
920 302 967 361 Ap
984 302 1063 353 001).
1086 301 1177 352 11757.
1326 289 1370 354 79

200 470 262 526 beato
272 488 374 542 quoque
385 475 483 528 vitono
495 475 524 526 in
536 472 637 542 gaudio
650 474 758 528 Domini
776 478 916 540 assumpto
931 479 958 527 et
968 486 1017 540 pro
1027 473 1159 528 fidelitate
1172 477 1368 540 paucorumne

177 565 232 622 luero
241 585 310 640 super
321 575 406 628 multa
417 587 451 627 ac
463 579 594 640 perpetua
606 574 677 627 bona
691 574 849 640 constituto,
862 572 1038 628 Desideratus
1047 574 1179 628 successit
1188 575 1217 628 in
1229 575 1369 640 episcopa-

177 664 309 738 teneuram,
321 673 461 741 vigilantia
481 673 568 725 multa
586 677 725 740 egentem,
747 672 965 725 sollicitudinum
981 672 1131 740 angoribus
1143 673 1367 744 circumseptam,

177 766 224 817 satis
233 769 364 823 habentem
376 771 479 834 oneris,
491 783 587 836 parum
600 770 725 835 honoris,
739 775 767 822 et
778 783 910 838 organum
925 771 1088 824 retinentem
1101 783 1151 836 pro
1161 772 1293 838 qualitate
1306 783 1369 837 pos·

154 863 400 937 tedanuseumque
421 869 547 923 morinus
567 883 697 923 curarum
718 883 780 923 curn
799 870 938 936 adureret,
952 869 1055 924 malitia
1073 869 1128 924 dici
1149 884 1206 926 non
1218 869 1367 937 sufficeret,

176 967 265 1032 tempera
283 983 345 1023 eum
368 969 524 1035 periculosa
543 969 703 1037 obruerent,
725 970 883 1034 supervenit
903 969 1018 1036 iusuper
1038 968 1132 1025 divino
1149 969 1255 1037 judicio
1285 969 1372 1023 hmes

175 1065 238 1121 talida
246 1071 362 1125 invalido
370 1070 486 1124 cldtatis
498 1069 609 1137 populo,
623 1076 650 1124 et
661 1070 739 1136 panis
751 1070 849 1124 haculo
861 1069 1014 1135 deficiente,
1029 1071 1123 1124 mortis
1135 1070 1282 1136 imperium
1295 1070 1372 1124 nullo

174 1164 294 1224 debellante
315 1171 457 1240 regnabat.
479 1170 619 1224 cadebant
640 1169 691 1223 dlii
712 1169 742 1223 in
764 1170 870 1224 sinibus
891 1176 1008 1236 patrum,
1027 1170 1105 1236 pueri
1130 1171 1280 1224 morientes
1300 1171 1372 1224 sicca

175 1271 259 1322 nahum
269 1271 354 1324 ubera
366 1269 570 1336 delambehant,
584 1270 665 1322 amici
683 1270 787 1324 amieos
808 1275 883 1323 terra
900 1271 1066 1336 obruebant,
1078 1276 1107 1325 et
1119 1284 1202 1337 pavor
1213 1272 1370 1325 communis

142 1361 163 1412 lt
173 1368 256 1428 periculi
266 1371 391 1424 lacrimas
403 1370 576 1436 prohibebat.
599 1370 770 1436 Exspectatio
791 1370 848 1423 sive
868 1371 1023 1436 praesentia
1045 1371 1141 1430 mortis
1162 1384 1228 1424 suae
1246 1370 1370 1432 dolorem

174 1469 241 1520 mortis
250 1470 354 1523 alienae
365 1469 509 1536 irenabat3
531 1469 634 1536 quique
654 1482 718 1522 cum
740 1474 859 1523 tremore
879 1470 1042 1535 superstites
1059 1475 1149 1536 erant,
1162 1483 1275 1523 suornm
1289 1469 1369 1523 dece·

172 1563 262 1622 deutinn
273 1570 453 1637 pollinctores
464 1569 576 1623 debant.
598 1571 722 1636 Cumque
738 1570 788 1623 hac
797 1569 876 1623 clade
895 1571 1011 1637 pessima
1029 1571 1144 1637 populus
1157 1571 1328 1624 dilaberetur
1340 1575 1369 1622 et

172 1665 240 1722 cinus
249 1675 301 1723 tota
314 1682 402 1737 paene
415 1668 587 1736 redigeretur
609 1669 637 1721 in
657 1669 790 1735 tumulos,
812 1671 968 1736 episcopus,
988 1670 1086 1725 antius
1106 1674 1134 1723 et
1148 1671 1193 1725 vix
1205 1683 1331 1724 maerore
1344 1683 1374 1723 se

173 1768 264 1835 capiens,
283 1770 317 1822 ad
336 1783 430 1838 regem
447 1769 670 1823 theodebertum
691 1783 721 1822 se
743 1770 876 1834 contulit,
898 1770 1038 1824 miseriam
1060 1771 1152 1837 populi
1173 1770 1371 1824 lacrimabilem

142 1859 301 1934 blephrarit,
313 1869 448 1937 petitione
459 1869 579 1937 benigna
591 1869 716 1924 animum
727 1870 787 1934 ejus
801 1869 916 1935 iniexit,
927 1873 957 1922 ut
974 1869 1009 1923 de
1019 1870 1154 1922 thesauris
1166 1868 1225 1922 suis
1238 1869 1374 1923 miserans

173 1967 229 2018 morti
238 1969 362 2034 obstaret,
375 1969 474 2033 iainem
487 1968 637 2034 cohiberet,
652 1967 782 2033 populum
803 1975 964 2033 pereuntem
983 1969 1125 2032 retineret,
1144 1973 1171 2021 et
1189 1967 1371 2033 commodata,

174 2069 315 2134 pergratiam
328 2067 452 2134 periculo
465 2073 605 2133 superato,
628 2080 690 2120 eum
711 2068 797 2134 gratia
819 2067 865 2120 liei
883 2067 1084 2134 hominumque
1104 2067 1250 2135 reciperet
1269 2067 1373 2122 Annuit

175 2171 214 2229 tu,
224 2171 302 2220 motus
312 2167 348 2219 ad
360 2166 545 2228 clementiam,
560 2171 586 2218 et
596 2170 701 2231 septem
715 2165 802 2218 millia
814 2165 967 2218 solidorum
984 2165 1097 2219 tradens
1116 2167 1258 2232 episcopo,
1276 2166 1372 2220 condi·

175 2258 252 2317 dorem
263 2266 416 2335 adscripsit,
438 2273 520 2319 uteo
541 2272 638 2319 tenore
660 2266 806 2332 partiretur
828 2265 1015 2332 indigentibus
1038 2267 1178 2333 quatinus,
1199 2268 1251 2320 hoe
1272 2267 1375 2321 auxilio

143 2351 299 2418 ”ueteranis
308 2366 445 2430 dominio,
456 2378 504 2419 sua
516 2366 568 2419 sibi
579 2378 642 2418 cum
651 2372 663 2407 ²
671 2366 758 2433 gratia
771 2365 956 2419 redderentur
962 2379 996 2420 ex
1005 2370 1017 2407 ³
1026 2380 1151 2420 numero.
1163 2369 1273 2421 Factum
1286 2371 1337 2434 est,
1348 2371 1376 2420 et

177 2462 286 2524 uuilteo
299 2479 345 2519 res
366 2467 503 2518 humanas
522 2464 571 2517 diu
591 2468 652 2530 post
673 2464 794 2517 lurorem
815 2469 971 2529 serenante,
995 2465 1113 2530 populus
1131 2466 1319 2519 conclamatus
1339 2464 1374 2518 de

177 2555 229 2614 bret
237 2565 394 2630 perditionis
413 2578 443 2618 se
460 2566 580 2632 erigens,
594 2562 727 2617 miraculo
745 2564 798 2617 sibi
820 2564 871 2617 iuit
891 2564 925 2617 ad
945 2566 1032 2618 vitam
1050 2566 1216 2632 regrediens.
1230 2564 1377 2631 superavit

178 2654 264 2729 hiique
274 2671 452 2732 superantem
465 2670 520 2716 tam
533 2664 596 2717 lorti
615 2664 752 2730 praesidio
772 2664 852 2716 lamis
870 2664 1079 2730 oppressionem
1100 2670 1128 2718 et
1147 2665 1217 2717 ritae
1230 2664 1375 2730 providen-

130 2818 134 2829 ,
179 2752 369 2817 laniantum
390 2762 567 2828 comparavit,
584 2774 700 2828 seseque
720 2760 755 2815 de
773 2763 840 2829 jugo
861 2762 957 2815 mortis
977 2761 1126 2827 redimens,
1140 2761 1230 2815 aliena
1251 2760 1332 2814 laude
1345 2773 1377 2814 ac

130 2832 331 2919 {linteariorum
344 2863 479 2929 processit
499 2862 527 2914 in
549 2861 724 2925 libertatem3
747 2861 843 2927 sicque
863 2862 1034 2927 mancipatus
1055 2862 1141 2914 coacti
1164 2860 1333 2928 ergastulum
1345 2873 1377 2913 ao

130 2942 135 3029 Ἰ
183 2950 260 3013 lunum
270 2961 415 3028 quoderat
434 2962 462 3013 in
484 2961 564 3013 labiis
575 2974 683 3025 eorum,
694 2960 832 3012 canticum
853 2960 893 3012 eis
911 2960 1030 3013 laetitiae
1048 2960 1213 3012 factumest.
1227 2960 1380 3013 Gumthoc

183 3054 250 3111 solatio
261 3061 340 3119 docti.
355 3062 383 3113 in
394 3060 493 3113 melius
505 3060 695 3125 experimento
709 3059 823 3125 periculi
834 3059 1031 3113 mediocritatis
1048 3061 1151 3126 optime
1163 3060 1277 3112 scientia
1292 3059 1382 3125 prole·

186 3149 256 3208 ticeni
273 3165 298 3210 ct
319 3159 414 3224 procul
435 3159 572 3223 respicere
593 3157 750 3222 proximum
771 3157 873 3209 bonum
895 3170 956 3209 esse
977 3157 1147 3220 didicissent,
1167 3157 1313 3223 pecuniam
1325 3155 1382 3208 alu·

185 3259 248 3306 nram
257 3258 378 3311 alacriter
392 3257 594 3325 recollegerunt
611 3263 639 3308 et
659 3258 786 3321 episcopo
800 3270 913 3320 magnae
935 3258 1038 3324 gratiae
1062 3258 1221 3322 mediatore,
1244 3256 1301 3324 regi
1320 3269 1381 3308 eum

148 3331 251 3405 illotiris
269 3359 412 3423 gratiarum
438 3356 592 3421 praeconiis
614 3355 784 3408 obtulerunt.
810 3358 867 3407 llex
890 3364 920 3407 ut
941 3356 1057 3409 aduertit
1072 3356 1302 3419 sublevationem,
1316 3355 1384 3408 vidit

186 3440 403 3508 benederotionis
415 3454 678 3521 magnanimitatem,
692 3454 797 3521 regium
811 3460 838 3506 et
851 3456 985 3520 pecuniae
996 3455 1185 3507 dominantem
1194 3455 1318 3506 animum
1332 3452 1384 3506 col·

184 3541 254 3610 fitius
275 3554 385 3607 indulsit
399 3555 439 3606 cis
456 3555 489 3606 ad
508 3560 717 3620 praepotentem
735 3554 877 3606 cumulum
896 3555 962 3606 boni
981 3556 1101 3609 nominis
1120 3561 1146 3607 et
1167 3556 1200 3608 ad
1223 3555 1383 3606 memoriam

184 3640 315 3705 huhbilem
329 3660 393 3705 tunc
407 3653 594 3717 praesentium
607 3658 634 3705 et
647 3653 754 3704 suturae
766 3654 962 3718 generationis.

208 3741 231 3796 8.
241 3750 403 3803 Providentia
415 3764 479 3817 ergo
492 3750 585 3803 divina
604 3751 768 3816 dispositum
781 3752 885 3803 hahens
898 3751 933 3803 de
946 3752 1020 3804 lente
1031 3752 1235 3805 misericordiae
1249 3752 1382 3805 ecclesiae

130 3826 165 3897 85
180 3842 312 3901 brionensi
324 3863 486 3903 succurrere
498 3856 525 3901 et
538 3850 702 3915 supradictis
716 3851 832 3915 aliisque
846 3852 1031 3903 calamitatum
1046 3838 1204 3904 infortuniis
1218 3851 1382 3917 periclitanti

174 3956 268 4000 manum
277 3952 370 4002 auxilii
382 3952 541 4016 subrogare,
556 3951 607 4002 suh
621 3950 772 4002 hisdiebus
786 3957 814 4002 et
827 3956 949 4016 tempore
961 3964 1017 4004 non
1036 3956 1148 4017 accepto
1161 3951 1195 4004 de
1207 3953 1339 4004 altissimo
1354 3964 1385 4003 ac

169 4049 329 4103 serenissimo
342 4050 473 4102 bonitatis
489 4063 554 4101 suae
567 4050 683 4101 consilio
697 4049 768 4100 hane
781 4050 851 4100 viem
870 4061 958 4102 novae
977 4051 1071 4102 salutis
1089 4051 1201 4116 invenit,
1216 4057 1245 4102 ul
1256 4051 1384 4118 angelum

164 4153 278 4201 sanctum
292 4152 411 4202 mitteret
424 4150 460 4201 de
484 4150 592 4201 excelse
613 4149 752 4201 caelorum
775 4149 941 4213 habitaculo,
963 4150 1009 4215 qui
1029 4150 1190 4214 parentibus
1211 4151 1330 4202 suturam
1352 4163 1384 4202 ex

159 4246 339 4302 misericordia
354 4250 436 4314 hujus
448 4250 532 4314 patris
545 4249 630 4300 nostri
651 4249 818 4300 nativitatem
837 4249 1020 4315 denuntiaret,
1045 4249 1192 4301 terminum
1214 4263 1268 4316 quo
1282 4250 1308 4300 ld
1322 4248 1380 4300 fieri

130 4350 262 4408 ldeberet
281 4348 428 4413 indiceret,
453 4360 555 4400 nomen
576 4361 631 4413 quo
652 4354 813 4400 censeretur
833 4354 947 4414 aptaret.
968 4349 1111 4413 Nimirum,
1134 4353 1244 4414 propter
1266 4349 1378 4401 nimiam

179 4554 275 4614 ..2(s‚
291 4557 328 4610 c.)
342 4560 367 4598 c.
383 4558 406 4596 S.
421 4545 447 4594 i.
463 4546 588 4597 -³eti.
603 4572 633 4584 -
646 4551 657 4586 t
669 4547 792 4612 cumque
806 4548 831 4598 b.
