3076 5498
173 317 266 365 oran.
285 317 370 367 naa.
390 317 507 367 annis.
527 338 572 348 -
588 317 741 368 trenno.
762 319 809 366 ao
826 317 904 399 ooo.
923 318 959 366 n.
978 317 1013 365 a,
1034 313 1109 365 1510.
1203 297 1269 365 lot

130 491 183 537 oet
195 486 266 538 vovit
278 491 317 542 nt.
331 486 353 537 si
367 487 562 552 superviveret,
576 483 687 538 oberret
699 499 748 551 pro
760 498 793 538 eo
807 497 891 538 unam
910 484 1006 536 libram
1022 495 1111 536 cerae.
1126 486 1187 535 llox
1200 483 1270 535 miro

136 598 205 649 puer
217 585 325 637 sanitati
339 587 479 637 restitutus
493 591 534 637 est
546 603 552 638 :
563 599 644 650 quem
656 590 733 650 pater
745 598 838 636 secum
851 589 917 637 tunc
929 582 1049 648 adduxit,
1064 589 1090 634 et
1102 582 1269 635 oblationem

132 696 162 734 sa
176 684 282 748 obtulit,
295 683 452 750 glorificans
466 687 549 736 beum
565 693 592 736 et
604 690 729 737 sanctum
742 682 954 749 Sigismondum.

131 783 163 833 11
176 781 378 834 uinculum.
396 812 422 820 -
439 785 504 834 ltcm
526 784 554 835 in
568 789 662 836 octava
684 785 770 836 sancti
783 783 908 836 Andreae
930 782 1027 835 mulier
1040 781 1184 848 quaedam,
1198 780 1271 833 lidis·

130 883 154 933 le
171 884 266 934 ttinori
279 884 391 936 Ciuitate
404 885 541 950 bragensi,
553 898 622 950 quae
636 884 755 950 plurimo
768 890 891 949 tempore
902 883 996 936 morbo
1006 882 1148 935 laborabat
1163 881 1267 947 paraly·
1324 896 1413 951 wod,

132 982 230 1034 eniens
242 982 276 1034 ad
295 982 450 1047 sepulcrum
464 984 567 1034 sancti·
582 985 637 1041 liei.
651 989 678 1034 et
687 984 810 1036 oratione
828 983 887 1036 lusa
907 983 1050 1035 sanitatem
1063 988 1148 1048 quam·
1158 980 1268 1046 petebat
1303 968 1436 1058 Sbsssstuffl·

130 1096 137 1131 ι
156 1088 205 1144 est,
219 1082 374 1148 glorificans
395 1086 479 1135 iteum
492 1089 518 1134 et
530 1057 654 1134 sanctum
668 1082 880 1149 Sigismondum
895 1094 943 1147 per
954 1083 1033 1147 cujus
1046 1079 1144 1133 merita
1168 1080 1268 1132 meruit

130 1180 160 1231 ri.

130 1281 180 1332 111
193 1280 393 1333 fflmculnm.
406 1309 438 1318 -
460 1283 527 1332 ltem
540 1281 584 1332 die
606 1280 730 1346 sequenti
744 1280 819 1332 venit
839 1279 880 1332 vir
891 1279 1004 1346 quidam
1020 1277 1056 1331 de
1074 1281 1146 1331 Nota
1158 1278 1270 1331 Ciuitate

130 1379 223 1443 nsi‚.‚.'
246 1380 367 1442 nomine,
388 1392 504 1431 narrans
522 1379 639 1445 qualiter
658 1379 685 1429 in
698 1377 780 1430 domo
803 1377 978 1430 habitationis
996 1389 1066 1429 suae
1088 1376 1269 1442 pullulassent
1302 1394 1434 1446 momen

130 1492 147 1528 ts
161 1478 269 1545 infiniti,
283 1480 329 1545 qui
352 1479 463 1531 cicadae
484 1479 666 1545 appellantur,
680 1478 829 1530 inferentes
850 1475 901 1530 sibi
922 1490 1004 1544 grave
1025 1475 1144 1529 taedium
1165 1481 1192 1527 et
1212 1457 1467 1578 nonpzffiwi‘·

130 1590 177 1628 ¹run
191 1577 335 1642 timorem;
350 1583 375 1629 et
387 1577 453 1629 dum
475 1577 549 1628 nulla
563 1587 611 1629 eos
623 1582 681 1628 arte
700 1580 791 1642 posset
804 1575 945 1641 repellere,
959 1576 1021 1641 quia
1040 1574 1127 1642 magis
1138 1587 1169 1627 ac
1182 1574 1268 1640 magis
1429 1560 1435 1575 ⁸
1480 1579 1484 1590 '

130 1680 239 1727 neotum
252 1677 406 1739 sumebant,
420 1676 494 1727 venit
506 1676 584 1727 beato
597 1676 768 1743 sigismundo
781 1675 915 1727 etobtulit
924 1686 1007 1726 unam
1017 1687 1134 1739 ceream,
1144 1673 1268 1726 etstatlm

130 1788 138 1824 s
149 1782 329 1828 evanuerunt.

130 1875 364 1928 miraculum.
377 1903 406 1912 -
417 1874 517 1927 Eodem
533 1873 799 1939 composuerimus,
811 1874 952 1939 presbyter
964 1874 1096 1940 plebanus
1105 1874 1133 1925 in
1145 1871 1268 1926 Odoleno

130 1973 166 2038 da,
180 1975 258 2042 gravi
279 1973 438 2025 infirmitate
459 1974 586 2026 detentus
600 1979 626 2026 et
638 1977 781 2038 aegrotans
801 1972 935 2038 usquead
958 1977 1083 2037 mortem,
1097 1984 1267 2025 recommen-

133 2088 159 2126 se
172 2076 251 2127 beato
262 2074 433 2141 Sigismondo
447 2080 474 2126 et
485 2081 576 2127 rotam
591 2075 654 2126 iecit
666 2074 759 2126 venire
781 2076 813 2126 ad
831 2075 935 2126 liminia
954 2088 1003 2126 sua
1025 2077 1154 2140 Pragam;
1176 2074 1266 2126 statim
1322 2130 1325 2136 ,

130 2187 152 2224 rs
164 2180 205 2226 cst
221 2180 250 2226 et
270 2175 382 2226 veniens
403 2173 571 2240 glorificabat
592 2177 675 2225 iteum
689 2180 716 2225 et
727 2175 827 2240 gratias
840 2174 978 2227 referebat
989 2175 1068 2227 beato
1082 2173 1265 2241 sigismundo,

130 2274 180 2336 rjus
192 2273 389 2325 intercessione
403 2272 503 2325 meruit
516 2272 635 2325 liberari.

130 2370 348 2423 [Mireculm
361 2399 394 2408 —
406 2374 472 2423 item
485 2370 529 2422 die
541 2370 635 2421 ultima
648 2370 811 2435 decembris,
824 2371 966 2423 venientes
981 2369 1015 2421 ad
1028 2370 1184 2435 sepulcrum
1195 2368 1268 2422 beati

130 2466 205 2518 nondi
220 2468 329 2532 Stanclr,
343 2467 377 2520 de
398 2467 500 2532 oppido
513 2467 638 2530 linisselt,
653 2474 679 2518 et
700 2469 837 2519 Wacaawa
852 2480 922 2520 uxor
943 2468 1012 2534 ejus,
1025 2480 1117 2521 coram
1139 2467 1268 2518 omnibus

130 2579 151 2617 ra
163 2580 229 2618 roco
240 2573 266 2617 et
278 2579 326 2631 per
344 2567 531 2632 juramentum
544 2580 623 2618 suurn
645 2569 805 2618 asserebant
816 2566 899 2632 quod,
913 2580 975 2619 cum
994 2579 1092 2632 nuper,
1105 2566 1151 2618 die
1172 2565 1267 2618 beatae

130 2678 184 2729 rae,
199 2666 315 2718 Przibito
334 2665 422 2717 dictus
437 2665 646 2729 molendinum,
660 2666 726 2717 civis
739 2665 831 2731 oppidi
844 2665 985 2731 praedicti,
999 2679 1032 2718 ex
1052 2667 1161 2719 Osanna
1182 2677 1268 2717 uxore

130 2767 265 2831 recepisset
278 2765 371 2826 liliam.
385 2767 480 2817 eadem
503 2764 557 2816 tilia
572 2765 650 2817 tertia
663 2764 708 2817 die
729 2773 788 2830 post
802 2766 851 2817 lroc
865 2765 925 2817 sine
946 2766 1070 2830 baptismi
1085 2769 1267 2826 sacramento,

130 2863 337 2916 icommendata
358 2862 507 2924 custodiae,
522 2863 655 2927 moritur;
670 2862 703 2915 de
724 2877 778 2929 quo
800 2864 916 2916 multum
937 2863 1062 2917 dolentes
1080 2870 1105 2917 et
1127 2863 1268 2916 saevitiam

130 2963 170 3013 icti
182 2964 232 3014 viri
255 2965 390 3028 timentes
406 2975 520 3027 puerum
536 2968 673 3014 mortuum
687 2969 713 3014 et
725 2962 914 3030 infrigidatum
926 2963 960 3016 ad
983 2964 1126 3016 ecclesiam
1137 2962 1268 3015 deferunt

130 3075 171 3121 tus,
185 3068 211 3114 et
223 3068 370 3126 antequam
393 3061 564 3124 perveniunt,
579 3074 692 3125 puerum
715 3062 794 3113 beato
807 3061 981 3127 Sigismundo
1003 3060 1266 3124 recommendantes‚

130 3165 274 3212 moverunt
286 3166 316 3210 ut
334 3159 491 3224 jejunantes
505 3160 532 3208 in
548 3171 618 3223 pane
631 3166 657 3210 et
671 3173 740 3225 aqua
755 3161 849 3212 limina
862 3162 947 3212 sancti
961 3161 1011 3212 viri
1023 3174 1086 3213 cunr
1098 3161 1175 3213 omni
1187 3159 1268 3212 devo·

137 3258 284 3311 visitarent.
308 3260 371 3309 liira
393 3270 437 3308 res
457 3257 530 3308 dictu
552 3263 578 3307 et
600 3259 707 3323 relatu,
729 3266 871 3326 surgentes
895 3261 928 3311 ab
953 3261 1077 3312 oratione
1098 3261 1267 3311 invenerunt

133 3371 154 3407 m
167 3360 272 3417 vivam,
284 3357 330 3423 qui
345 3357 418 3408 boris
432 3357 508 3421 quasi
522 3355 629 3408 duabus
651 3358 740 3409 luerat
753 3365 893 3420 mortuus;
908 3363 935 3410 et
945 3357 1029 3425 gavisi
1043 3359 1167 3411 iecerunt
1180 3357 1266 3424 bapti·

130 3457 163 3521 pri
177 3463 237 3521 post
259 3456 424 3521 baptismum
438 3455 551 3520 pulcher
567 3455 645 3506 valde
658 3457 790 3522 apparuit.
806 3457 876 3508 Vixit
896 3458 1020 3522 posthoc
1034 3470 1081 3523 per
1099 3471 1181 3509 unam
1194 3459 1266 3511 diem

130 3557 187 3607 rlem
202 3563 228 3608 et
241 3560 364 3606 mortuus
376 3562 426 3606 est.
441 3554 572 3606 praedicti
585 3567 649 3606 vero
662 3556 703 3607 vir
715 3561 741 3607 et
754 3556 853 3607 mulier
865 3569 927 3608 cum
947 3557 1065 3608 lacrimis
1077 3556 1266 3623 glorificabant

138 3664 162 3707 et
183 3657 292 3708 beatum
307 3653 520 3720 Sigismondum,
534 3652 581 3719 qui
604 3655 725 3718 ipsorum
748 3667 841 3719 preces
862 3655 1002 3706 exaudivit
1022 3662 1106 3708 eteos
1127 3657 1266 3708 asaeritia

134 3755 165 3805 iri
179 3754 311 3806 liberavit.

130 3852 359 3905 miraculum.
375 3880 403 3888 -
419 3851 518 3903 Eodem
532 3851 575 3903 die
597 3852 624 3902 in
646 3864 744 3904 aurora
757 3853 812 3904 visa
832 3858 873 3905 est
890 3866 957 3906 crux
973 3854 1050 3906 aurei
1064 3853 1164 3907 coloris
1176 3856 1205 3906 in
1217 3855 1268 3906 cir·

130 3966 203 4005 roae.

129 4054 161 4104 11
172 4052 375 4103 mulum.
388 4077 422 4087 -
435 4051 499 4100 item
514 4061 587 4099 anno
601 4049 706 4100 bomini
720 4048 865 4102 millesimo
883 4055 1057 4117 occentum,
1072 4052 1116 4103 die
1131 4064 1149 4104 n
1163 4053 1265 4103 mensis

130 4152 164 4214 ii,
187 4152 261 4202 venit
277 4149 389 4215 quidam
411 4163 515 4214 pauper
538 4149 628 4207 bomo,
647 4150 758 4201 nomine
781 4148 904 4217 boolton,
918 4151 952 4203 de
968 4152 1032 4204 villa
1054 4152 1161 4205 Solincz
1178 4165 1264 4218 prope

130 4265 171 4315 rw,
193 4257 279 4309 sutor,
302 4248 424 4300 reserens
449 4248 563 4299 multum
588 4260 637 4312 per
660 4261 740 4299 suum
760 4249 947 4313 juramentum
970 4251 1062 4316 quod,
1082 4264 1143 4303 cum
1168 4252 1265 4305 luisset

130 4362 143 4400 v
157 4349 298 4400 continuis
311 4354 402 4399 mutus
416 4352 526 4412 propter
538 4347 628 4412 gravia
648 4347 761 4398 vulnera
782 4361 853 4413 quae
871 4350 935 4401 olim
948 4350 999 4402 sibi
1022 4351 1175 4415 praedones
1193 4351 1264 4403 intu-

145 4460 267 4513 cumque
280 4459 310 4498 se
323 4446 572 4498 recommendasset
586 4447 665 4497 beato
686 4445 860 4512 sigismondo
879 4456 906 4500 et
919 4450 978 4514 ejus
991 4450 1148 4514 sepulcrum
1166 4448 1265 4503 devote

130 4552 214 4616 geret,
227 4545 324 4597 eadem
346 4545 390 4596 die
414 4544 515 4596 ibidem
529 4546 631 4609 recepit
652 4545 809 4597 facultatem
833 4546 973 4612 loquendi,
988 4556 1015 4602 et
1028 4549 1193 4615 loquebatur
1206 4564 1266 4615 per·

130 4646 281 4713 :lorilicans
294 4646 377 4697 beum
390 4650 416 4696 et
428 4649 552 4697 sanctum
567 4643 779 4711 sigismondum.
867 4632 869 4637 ’
