3082 5498
161 271 227 339 506
506 285 753 336 coruncano.
773 286 945 336 aloloon.
965 286 1044 336 alr.

163 456 371 524 pemitlaris.
386 458 460 509 itanc
472 455 565 522 itaque
586 457 645 521 ejus
667 456 853 509 venerabilem
875 469 972 510 vocem
994 469 1069 508 mors
1087 461 1128 509 est
1140 455 1243 509 neiarii
1258 455 1296 507 iiii
1308 469 1380 522 prose

128 541 132 547 ’
163 562 235 610 outa.
250 558 315 608 Nam
329 556 357 607 in
372 555 509 621 praesenti
522 569 668 621 percussos
680 557 831 622 obstupuit,
844 560 871 608 et
890 556 1074 608 obticescente
1092 568 1172 619 voce,
1196 556 1325 608 haerente
1340 556 1379 607 lin·

161 670 223 722 gua,
237 656 303 721 ipsis
316 653 438 720 denique
452 654 539 707 oculis
553 655 729 707 tenebrarum
743 654 838 707 nubilo
851 655 995 720 obuolutis,
1007 654 1041 706 ad
1052 654 1103 706 boc
1114 655 1206 706 solum
1216 655 1276 720 ejus
1285 667 1376 721 gressus

160 755 242 810 ualidi
256 755 382 822 firmique
397 763 556 807 manserunt
569 761 607 820 ut,
621 753 765 807 deficiente
777 755 880 820 anima,
893 754 927 806 ad
941 754 1031 806 locum
1044 753 1215 807 destinatum
1229 753 1309 806 retuli
1319 767 1374 807 nor·

164 863 208 908 tua
222 855 355 920 membra,
366 867 428 907 vere
441 861 468 906 et
486 853 605 913 cadaver
626 853 733 906 deterre
746 854 887 920 proprium
907 854 1048 918 potuisset.
1072 854 1198 919 benique
1217 867 1279 906 cum
1289 855 1339 918 Jam
1350 853 1396 905 adt

162 967 256 1007 muros
267 960 349 1020 atoue
361 952 395 1005 ad
408 955 493 1019 ipsam
508 960 613 1019 portam
624 953 794 1005 miserrimus
806 953 982 1018 proximaret,
995 953 1086 1004 statim
1096 953 1219 1015 corruit;
1233 953 1322 1018 sicque
1330 955 1376 1018 ejus

161 1058 236 1105 artus
248 1066 279 1105 ac
293 1053 414 1104 membra
427 1055 588 1104 tumuerunt
600 1057 631 1104 ot
652 1064 707 1103 oon
731 1051 829 1104 eadem
852 1053 928 1116 bora,
942 1050 989 1104 sed
1012 1051 1059 1103 iila
1075 1063 1131 1117 qua
1145 1052 1171 1104 ei
1186 1064 1261 1104 mors
1273 1064 1288 1104 a
1300 1057 1375 1103 sancto

116 1190 124 1195 -
161 1151 295 1204 destinata
307 1152 405 1217 iuerat,
423 1151 513 1203 obisse
530 1148 699 1203 crederetur.
722 1151 814 1215 itaque
835 1163 898 1201 cum
920 1162 935 1202 a
957 1150 1065 1202 coaevis
1083 1150 1141 1202 suis
1153 1155 1322 1217 tangeretur,
1333 1161 1375 1200 noo

162 1250 256 1316 pulsus
269 1250 353 1315 aliqui
366 1262 511 1312 venarum,
525 1261 581 1300 non
594 1249 668 1302 calor
681 1249 753 1302 ullus
766 1250 794 1300 in
808 1250 949 1314 membris,
963 1262 1018 1302 non
1031 1249 1152 1316 denique
1166 1250 1268 1315 inipso
1280 1261 1374 1314 corpore

63 1418 66 1427 y
160 1350 298 1401 anhelitus
307 1350 418 1415 quidam
431 1349 473 1401 vel
486 1350 613 1401 extremis
627 1348 655 1400 in
669 1349 788 1416 ungulis,
807 1363 840 1401 ex
861 1350 932 1413 imis,
951 1355 980 1401 ut
998 1348 1113 1409 adsolet,
1128 1349 1281 1403 visceribus
1292 1346 1373 1401 evoluti
1386 1349 1404 1397 itt

63 1450 65 1456 ’
162 1454 310 1513 potuerunt
323 1449 437 1514 reperiri
449 1466 456 1513 ;
470 1448 519 1500 sed
533 1449 570 1500 ita
583 1449 713 1501 continuo
726 1454 822 1513 ruptus
835 1448 1007 1515 nequissimo
1025 1449 1123 1514 spiritu
1138 1449 1265 1501 membra
1277 1446 1373 1513 frigidis·

160 1548 228 1599 sima
240 1552 400 1600 tumuerunt
412 1553 442 1600 ut
454 1561 517 1600 vere
530 1547 557 1599 in
571 1543 706 1600 ultionem
722 1547 864 1614 justissimi
885 1547 938 1598 viri
957 1546 1083 1599 caelestis
1102 1547 1195 1611 potius
1215 1547 1291 1614 plaga
1308 1559 1373 1612 quan

161 1660 234 1699 mors
248 1648 415 1712 processisse
429 1646 510 1698 solita
523 1645 692 1699 crederetur.

194 1747 239 1797 vir
251 1747 344 1812 itaque
355 1746 417 1797 talis
429 1759 461 1798 ac
473 1751 575 1810 tantus,
589 1746 752 1813 integritatis
765 1750 792 1798 ct
805 1744 867 1798 lidei
881 1750 983 1812 certus,
996 1750 1101 1799 amator
1113 1746 1249 1813 ueritatis,
1262 1745 1372 1798 castilatis

155 1847 365 1912 atquejustiliae
378 1846 476 1908 cultor,
496 1851 583 1903 morte
595 1854 758 1911 consumpta
776 1844 842 1897 dum
861 1845 1002 1898 saeculum
1021 1844 1120 1911 calcat,
1140 1846 1264 1912 martyrii
1277 1845 1370 1910 adeptu
1383 1843 1402 1893 li

157 1951 199 1998 est
211 1945 340 2011 palmam,
354 1951 381 1996 et
393 1945 513 1997 animam
528 1958 583 1997 non
606 1943 756 2010 perdendo,
776 1945 824 1997 sed
846 1945 936 2009 potius
956 1943 1142 2010 adquirendo,
1164 1945 1291 2010 spiritum
1306 1957 1368 1997 suum

156 2044 331 2098 commendat
344 2045 372 2096 in
386 2045 513 2096 manibus
525 2045 571 2096 bei
583 2049 611 2096 et
623 2045 695 2096 inter
707 2045 767 2109 eius
781 2043 851 2097 lilios
863 2045 964 2096 meruit
975 2046 1139 2109 computari.

191 2147 246 2196 lloc
268 2144 348 2195 eliam
371 2143 525 2195 admirabili
547 2156 578 2194 ac
599 2143 818 2208 praeclarissimo
839 2144 898 2208 ejus
918 2141 998 2210 agoni
1021 2149 1048 2194 et
1069 2156 1191 2196 coronae
1202 2144 1310 2197 caelesti
1320 2155 1366 2196 con·

158 2256 260 2310 gruens
272 2243 417 2294 adauctum
431 2247 472 2294 est
484 2243 647 2308 praemium,
670 2248 698 2294 ul
721 2243 770 2294 bac
789 2242 834 2294 die
850 2255 904 2308 qua
922 2255 971 2308 pro
990 2242 1167 2296 consessione
1179 2241 1366 2296 divinaeiaudis

158 2356 238 2394 suum
249 2342 408 2409 sanguinem
423 2341 502 2402 ludit,
514 2342 650 2406 primitiae
666 2340 818 2393 uenerandi
831 2341 946 2404 cruoris,
960 2342 1163 2406 omnipotentis
1175 2344 1279 2397 scilicet
1288 2349 1312 2394 et
1322 2336 1396 2393 lilio

156 2440 213 2505 bei,
226 2453 257 2492 ac
272 2445 363 2506 protum
383 2438 471 2491 fidelis
493 2439 586 2505 populi
607 2453 669 2491 cum
693 2439 795 2491 taetitia
817 2439 919 2490 sanctis
937 2439 1068 2492 altaribus
1087 2437 1230 2504 offeratur,
1249 2447 1275 2493 et
1287 2439 1364 2492 natalis

153 2539 316 2604 tamoplimi
339 2539 464 2604 martyris
485 2551 547 2590 cum
573 2539 707 2590 universo
728 2545 790 2590 voto
803 2544 829 2589 et
851 2537 951 2604 gaudio
973 2538 1001 2588 in
1020 2537 1142 2590 trinitate
1160 2539 1270 2591 divinae
1280 2538 1363 2606 gloriae

152 2638 315 2702 celebretur,
340 2639 386 2703 qui
397 2650 461 2689 suos
476 2643 609 2702 martyres
622 2638 687 2688 lecit
698 2638 727 2687 in
750 2649 815 2702 pace
828 2649 936 2702 semper
953 2649 1013 2688 csse
1032 2637 1160 2702 uictores,
1172 2639 1218 2690 cui
1235 2645 1275 2690 est
1286 2636 1362 2705 gioria,

151 2737 296 2802 imperium
308 2743 335 2789 et
345 2743 464 2802 potestas
478 2737 506 2787 in
520 2736 630 2788 saecula
643 2737 826 2788 saeculorum.
840 2739 936 2788 nmen.

266 3146 512 3233 oooollvll.
537 3145 661 3232 Codex
682 3146 871 3256 signatus
891 3148 940 3236 N.
960 3146 1007 3236 ll.
1027 3175 1140 3239 num.
1167 3152 1286 3239 2180.

183 3359 251 3410 Olim
264 3360 390 3411 coenobii
404 3360 493 3410 Sancti
510 3360 639 3410 bominici
654 3360 687 3411 de
702 3361 780 3411 Siios.

182 3457 317 3508 Foliorum
331 3459 380 3508 ato
402 3457 597 3521 (praetermissi
620 3463 684 3508 sunt
702 3457 831 3509 nimirum
851 3459 878 3509 in
896 3460 966 3510 serie
983 3459 1114 3514 loliorum
1134 3466 1254 3517 notanda
1267 3459 1352 3516 numeri

150 3556 228 3608 obad
244 3557 310 3619 loa),
328 3558 390 3621 maj.
412 3557 615 3622 (ll¹¹¹‚58)<0,25)‚
638 3556 774 3608 columnis
795 3558 875 3620 binis,
898 3565 1027 3612 exaratus
1047 3530 1164 3615 saecsx
1186 3567 1226 3629 tl),
1246 3565 1355 3628 scriptura

151 3655 326 3721 wisigothica.

252 3744 289 3818 1⁰
315 3744 458 3843 [Passio
476 3751 631 3821 sanctae
649 3744 848 3847 Caeciliae]
865 3747 942 3847 (foi.
967 3748 1104 3849 perp*

182 3873 235 3921 lico
257 3869 325 3920 itala.

239 3885 288 4034 ΡΨ
315 3958 446 4036 Passio
473 3959 593 4034 sancti
615 3982 658 4034 ac
677 3959 892 4037 beatissimi
913 3962 1122 4042 Clementis
1141 3966 1306 4068 episcopi
1327 3969 1353 4038 ei

300 4082 481 4181 nlarlyris
501 4081 656 4178 Christi,
686 4083 752 4183 qui
784 4108 919 4183 passus
938 4097 995 4164 cst
1015 4087 1162 4167 Romae
1176 4091 1249 4168 sub
1266 4082 1353 4166 leffi-

297 4205 415 4281 diano
435 4205 547 4302 dulce,
566 4205 630 4281 die
648 4222 745 4282 v1111⁰
764 4208 949 4287 kalendas
970 4210 1203 4291 decembres
1223 4214 1293 4312 (iol,
1312 4210 1353 4285 9‘-

300 4331 406 4429 liiii*

182 4455 308 4507 iliracola
321 4455 349 4504 in
364 4454 417 4505 tine
431 4454 632 4506 dosiderautur.

176 4622 210 4684 (l)
224 4622 275 4671 tllr.
289 4620 396 4682 belisia,
413 4614 569 4683 inclames·
582 4620 620 4671 lic
628 4619 865 4686 poidoprapbie,
886 4637 912 4687 p.
931 4625 987 4684 llil,
