3076 5498
152 265 219 330 248
458 261 461 269 '
497 277 623 330 carm.
642 277 1038 330 cono.aae10un.aaa.

151 455 178 504 et
189 449 305 503 aliarum
317 460 497 515 personarum
510 448 543 501 ad
563 448 670 501 laudem
693 448 743 500 viri
755 448 843 502 sancti
857 449 980 502 intimata
992 454 1034 502 est
1050 450 1192 517 signorum
1205 445 1336 518 magnificen-

151 548 197 600 tia.
210 550 325 600 bemum
337 559 402 599 vero
416 545 592 598 demandato
613 544 686 598 sedis
707 545 874 611 apostolicae
888 560 936 612 per
953 546 1137 600 reverendum
1148 548 1233 600 virum
1244 540 1337 598 Tbcobtl·

151 646 227 711 dum,
240 645 287 712 qui
301 650 365 698 tunc
377 644 508 710 temporis
520 644 725 710 Rotomagensis
736 644 868 697 ecclesiae
877 645 1100 711 archiepiscopus
1117 646 1287 711 praesidebat,
1295 643 1339 694 siclt

151 759 201 812 per
212 749 295 797 testes
304 745 411 810 juratos
424 748 450 794 et
462 742 597 810 legitimos
609 743 739 808 inquisita
753 742 804 794 suit
820 744 951 808 rescripta
965 747 1005 795 cst
1021 745 1164 808 signorum
1177 745 1270 797 veritas
1279 744 1341 794 incon

150 856 238 897 cussa.
252 846 349 895 Beatus
362 843 454 908 itaque
480 848 556 908 pater
576 842 713 893 Honorius
736 849 764 892 et
785 847 895 894 sanctae
908 844 1046 895 Romanae
1059 843 1199 895 Ecclesiae
1216 830 1364 895 cardinalesl

150 941 243 995 audita
264 943 405 1009 signorum
433 939 621 1008 magnitudine
646 945 672 992 et
696 940 803 1008 cognita
835 939 949 996 veritate
974 941 1136 1007 certissima,
1164 948 1256 994 vocato
1280 940 1350 994 abbate

149 1043 268 1110 nugensi
281 1040 415 1105 Gnidone,
429 1041 475 1106 qui
498 1041 532 1092 ad
552 1041 818 1093 consummationem
838 1040 920 1106 hujus
942 1041 1042 1108 negotii
1064 1040 1239 1094 laboraverat
1249 1040 1355 1101 studiose,

152 1140 342 1207 praesentibus
354 1145 381 1192 ct
393 1139 586 1192 assistentibus
607 1145 635 1191 et
655 1138 871 1204 approbantibus
884 1139 1019 1206 episcopis
1042 1139 1161 1206 aliisque
1174 1142 1360 1207 personisque

152 1247 218 1293 tunc
232 1245 310 1293 erant
322 1242 350 1291 in
374 1240 459 1302 curia,
481 1238 568 1307 signis
588 1245 615 1291 et
637 1240 789 1304 praeconiis
810 1239 880 1291 beati
905 1239 1043 1292 Laurentii
1056 1239 1085 1291 in
1099 1239 1242 1306 publicum
1255 1239 1366 1301 recitatis,

153 1354 215 1393 cum
228 1338 397 1391 exultatione
411 1339 530 1390 mirabili
544 1343 570 1391 et
581 1336 681 1390 divinis
694 1337 822 1391 laudibus
835 1339 864 1390 in
876 1338 991 1391 ecclesia
1004 1337 1156 1391 cathedrali
1167 1339 1264 1392 beatae
1276 1340 1369 1400 itariae,
1384 1335 1408 1387 tl

152 1438 280 1490 Reatinae
292 1436 418 1499 civitatis,
443 1437 552 1488 beatum
573 1437 750 1488 Laurentium
774 1436 986 1490 adscribendum
1007 1442 1168 1490 sanctorum
1195 1439 1376 1491 consessorum

151 1537 273 1605 catalogo
285 1537 477 1601 decreverunt,
490 1534 676 1603 glorillcantes
686 1541 712 1588 ct
730 1536 872 1589 laudantes
884 1536 1039 1599 bominum,
1052 1537 1097 1589 cni
1111 1543 1154 1590 est
1166 1538 1260 1592 bonor
1269 1545 1295 1592 et
1304 1539 1380 1608 gloria

151 1641 179 1690 et
187 1634 333 1701 imperium
346 1648 395 1701 per
407 1636 517 1688 saecula
530 1635 714 1688 saeculorum.
727 1637 824 1687 Amen.

619 1840 913 1861 ψ

288 2071 551 2160 bcxxxvli.
576 2071 702 2160 Godex
722 2073 912 2180 signatus
932 2097 1046 2162 num.
1073 2073 1235 2164 14365.

182 2286 251 2338 Olim
263 2287 398 2338 San-ilict.
411 2287 470 2341 aba.

181 2387 317 2439 Foliorum
340 2389 389 2439 aba
411 2389 531 2452 (practer
552 2387 670 2439 insiticia
683 2387 738 2440 duo
760 2389 788 2438 in
809 2389 898 2454 capite
921 2394 948 2441 et
971 2389 1085 2443 totidem
1108 2392 1144 2445 ad
1168 2394 1304 2462 calcem),
1330 2398 1390 2461 maj.

147 2487 367 2551 (deabbxomr),
380 2486 515 2538 columnis
526 2487 608 2549 binis,
619 2492 746 2540 exaratus
757 2501 828 2540 saec.
839 2489 889 2541 XV.
901 2489 992 2541 Codex
1002 2489 1053 2543 iste
1066 2492 1223 2547 manifeste
1236 2494 1392 2563 descriptus

147 2590 232 2637 estex
244 2585 438 2638 codiceltbdb.
451 2585 552 2638 Eadem
565 2586 638 2638 enim
651 2587 764 2638 omnino
777 2586 941 2640 documenta
963 2589 1089 2642 continet
1109 2597 1137 2643 et
1150 2593 1260 2646 eodem
1283 2598 1390 2649 ordine.

147 2684 239 2750 ltaque
251 2684 316 2735 baec
329 2683 450 2736 breviter
463 2684 635 2736 recensuisse
648 2685 713 2737 satis
723 2685 783 2737 erit.

245 2782 282 2856 l⁰
299 2780 444 2881 [Passio
476 2786 631 2860 sanctae
665 2784 888 2861 Anastasiae
919 2790 957 2861 et
986 2786 1208 2892 sociorum]
1225 2791 1309 2892 (fol.
1334 2793 1386 2868 10-

184 2917 186 2919 ’
291 2904 373 2980 lif.

241 3028 281 3103 2⁰
297 2906 451 3129 [Passio]
469 3029 592 3106 sancti
611 3030 770 3107 Joannis
788 3031 1003 3132 apostoli...
1027 3031 1108 3124 (fol.
1133 3033 1325 3139 19019Ἶῖ

241 3151 281 3226 30
297 3152 382 3229 vita
401 3152 523 3229 sancti
545 3151 765 3230 silvestri...
787 3154 864 3253 (fol.
891 3155 1058 3253 190-440).

240 3274 280 3349 l⁰
296 3275 381 3352 Vita
401 3282 439 3351 et
458 3274 647 3353 miracula
665 3279 788 3355 sancti
804 3278 927 3377 patris
945 3281 1067 3357 nostri
1088 3280 1248 3362 Basilii.
1276 3347 1284 3364 .
1309 3288 1383 3388 (iol.

241 3521 280 3596 5⁰
289 3397 396 3621 ῗέἰῑξ
401 3396 564 3598 1sanctae
580 3522 806 3624 Genovefae]
823 3523 901 3622 (sol.
922 3524 1094 3625 610-730).

239 3643 278 3718 60
297 3643 380 3720 Vita
398 3645 521 3720 sancti
540 3645 660 3721 Mauri
667 3705 740 3721 .....
762 3645 839 3743 (fol.
862 3646 1031 3747 730-900).

175 3774 233 3826 Om.
247 3776 386 3840 prologus.

241 3876 278 3949 7⁰
297 3874 428 3951 Passio
447 3882 671 3953 sanctorum
690 3884 905 3978 martyrum
920 3879 1082 3957 Fabiani
1097 3892 1137 3961 et
1159 3885 1383 3970 Sebastiam

288 3998 581 4098 (folco-llll).
1035 3991 1043 4010 '

239 4120 278 4196 80
296 4121 427 4198 Passio
447 4130 601 4200 sanctae
620 4124 821 4224 Agnetis...
844 4126 923 4220 (fol.
948 4128 1175 4227 lter-lta).

239 4242 277 4318 9⁰
291 4243 426 4463 3310
457 4246 580 4323 sancti
611 4247 848 4324 Vincentii...
879 4250 957 4349 (fol.
985 4252 1247 4341 libr-lblfet
1283 4265 1384 4343 1Ἡο-

239 4485 301 4609 1100
318 4487 449 4566 Passio
468 4497 624 4569 sanctae
642 4494 855 4594 Agatlrae...
877 4500 955 4599 (fol.
979 4502 1200 4609 titt-tata).
