3076 5498
155 295 200 361 20
504 308 630 359 curun.
649 309 750 357 cono.
771 307 944 358 usercen.
965 308 1044 357 unu.

154 481 237 546 Deus,
249 479 296 546 qui
307 480 383 547 juxta
404 479 564 544 proplietam
586 476 665 528 ssnxit
677 476 834 544 singillatim
848 477 930 529 corda
953 483 1056 541 nostra,
1070 475 1116 542 qui
1141 474 1275 543 intellegit

153 592 238 647 opera
250 584 344 632 nostra
356 577 513 644 desuper,a
533 575 686 644 primordio
698 576 861 642 praevidens
882 576 993 643 qualem
1014 580 1204 643 quantumque
1228 575 1276 628 bur

153 683 232 731 turus
243 682 317 730 essct
336 676 479 736 ramulum,
492 675 652 742 priusquam
665 674 700 727 ad
721 675 812 727 viriles
826 688 915 728 annos
935 676 1092 742 perueniret
1108 680 1163 727 tam
1185 675 1276 727 immet

153 776 269 846 gratiam
281 773 392 829 dillbdit
403 778 562 841 tantamque
571 772 746 826 latitudinem
758 773 850 827 cordis
863 774 887 826 ei
900 773 1024 840 contulit,
1035 778 1065 826 ut
1074 772 1220 826 excelleret
1232 784 1276 824 nor

152 889 233 943 pares
253 888 329 940 suos,
341 872 389 927 sed
411 873 493 927 etiam
513 873 657 926 uniuersos
679 872 774 926 mundi
795 872 934 939 sapientes
958 885 1092 939 magnos;
1115 877 1142 924 ct
1159 876 1218 924 erat
1238 870 1276 923 int

154 975 299 1030 bominum
311 973 390 1026 valde
402 972 535 1026 mirabilis
553 985 607 1037 res,
619 972 695 1038 quod
707 972 736 1024 in
756 973 833 1025 brevi
847 976 970 1037 tempore
992 977 1045 1023 tam
1069 971 1208 1037 praeclara
1219 970 1243 1023 ei
1265 968 1276 1020 ι

154 1075 255 1129 collata
267 1076 449 1139 essetquanta
458 1085 494 1126 uc
505 1069 548 1125 liis
556 1073 604 1139 qui
615 1085 761 1125 numerum
774 1085 910 1126 annorum
921 1071 1070 1124 multorum
1079 1071 1109 1122 in
1120 1070 1276 1124 liberalibus

155 1171 347 1240 impleverant.
361 1171 513 1224 decedente
534 1172 608 1239 enim
629 1172 654 1224 ei
676 1177 824 1238 augmento
837 1184 983 1236 annorum,
998 1184 1053 1224 non
1075 1176 1181 1224 tantum
1195 1183 1276 1223 sensu

156 1271 342 1340 intellegcndo
353 1271 410 1324 uisa
422 1275 451 1324 et
465 1271 558 1324 audita
570 1271 683 1337 peritior
695 1285 745 1336 per
756 1272 877 1338 singulos
889 1271 949 1323 dies
967 1269 1058 1337 fiebat,
1072 1270 1118 1323 scd
1132 1275 1159 1323 et
1172 1270 1266 1337 lingua

156 1372 288 1426 mendum
302 1370 377 1425 utilia
389 1370 472 1423 verba
485 1371 599 1423 cautior.
613 1374 735 1438 cumque
752 1384 808 1423 non
822 1370 979 1423 subicerent
991 1371 1056 1422 baec
1079 1369 1129 1433 illi,
1144 1368 1192 1422 sed
1214 1369 1277 1422 etiat

56 1544 57 1548 Ἰ
156 1471 365 1537 concupisceret
377 1468 462 1523 multo
475 1470 634 1523 sublimiora
647 1475 675 1522 et
694 1470 836 1535 ampliora,
851 1471 963 1522 minime
974 1483 1003 1522 se
1020 1469 1168 1523 continens
1181 1469 1253 1521 intra
1266 1483 1276 1534 ι

156 1570 302 1636 terminos,
315 1568 428 1622 tradidit
439 1583 469 1623 se
489 1569 688 1636 experiendum
700 1568 799 1623 studiis
819 1565 984 1636 sapientium
998 1581 1175 1623 romanorum
1196 1569 1275 1621 veloc

158 1668 341 1737 scriptoribus
360 1669 523 1722 eorundem.
548 1669 612 1733 Quis
637 1682 694 1721 non
715 1669 899 1736 obstupescat,
922 1669 985 1735 quis
1006 1682 1062 1722 non
1083 1668 1255 1731 ammiretur,

159 1769 291 1835 quoniam
314 1768 486 1831 adulescens,
499 1767 529 1820 in
548 1768 692 1822 immatura
706 1769 796 1822 adbuc
816 1774 903 1822 aetate
921 1770 1034 1835 positus,
1053 1774 1130 1834 patre
1151 1767 1274 1833 orbatus,

160 1868 241 1921 matri
262 1872 289 1922 et
309 1869 412 1935 absque
433 1872 522 1921 tutore
542 1868 670 1921 existenti
690 1868 848 1932 convivens,
867 1872 940 1921 tanta
962 1868 1088 1921 aviditate
1108 1880 1219 1920 omnem
1239 1866 1276 1920 do

160 1967 284 2021 ediscere
304 1968 438 2032 cuperet?
458 1967 490 2018 lit
511 1967 562 2019 boc
576 1967 636 2019 sine
656 1967 790 2032 pecuniae
803 1965 891 2033 pretio
910 1965 1192 2020 liebatzexubcrabat
1213 1966 1276 2017 enin

160 2067 269 2121 animae
282 2071 412 2120 natura-a
434 2068 488 2120 beo
509 2067 648 2133 praestita,
661 2071 689 2120 et
707 2066 832 2134 quamvis
844 2068 870 2120 ei
891 2066 976 2120 multa
997 2066 1193 2134 impedimenta
1214 2066 1274 2119 obsi

160 2167 246 2220 valuit
258 2166 418 2220 naturaliter
430 2166 457 2219 id
470 2166 593 2233 adipiscl.

194 2265 226 2318 4.
245 2265 294 2318 llic
306 2265 402 2318 beatus
412 2265 553 2317 lohannes
564 2265 699 2331 incipiens
712 2265 771 2319 lieri
784 2268 834 2332 rit,
848 2267 912 2320 licet
922 2267 1095 2334 quorundam
1107 2267 1250 2319 bominum
1272 2266 1276 2317 l

161 2369 189 2417 et
201 2365 348 2430 prudentia
369 2369 396 2417 et
408 2365 500 2417 verbis
522 2365 580 2430 ejus
598 2366 770 2419 noscentium
788 2365 862 2432 quod
881 2380 995 2433 magnus
1016 2367 1060 2418 vir
1080 2371 1154 2418 esset
1173 2366 1276 2418 futurus

162 2469 254 2517 umen
266 2463 447 2530 inspiratione
459 2464 655 2530 omnipotentis
667 2470 694 2517 et
713 2465 855 2518 clementis
869 2467 915 2519 bei
928 2441 1026 2519 ductus
1037 2477 1176 2532 opereque
1187 2462 1276 2517 suliult

162 2564 233 2616 citur
242 2576 322 2616 verax
332 2562 487 2616 causidicus
496 2576 528 2616 ac
538 2567 668 2629 patronus
680 2565 743 2617 mali
752 2566 892 2632 quippiam
902 2567 1071 2632 patientium,
1082 2565 1276 2630 periclitantiur

161 2660 251 2715 uiduis
263 2661 416 2726 munimen,
436 2661 602 2727 pupillorum
623 2666 709 2729 patcr.
727 2665 798 2715 llaec
818 2665 946 2717 universa
966 2665 1026 2716 sine
1047 2663 1121 2716 omni
1144 2662 1265 2728 praemio

163 2772 263 2813 carens
275 2758 446 2813 mundanum
459 2761 559 2813 babere
569 2773 677 2822 aurum,
688 2775 782 2814 uerum
795 2764 870 2815 omui
884 2763 1020 2816 Ecclesiae
1033 2763 1130 2815 christi
1144 2775 1242 2815 aurum
1255 2774 1276 2812 st

163 2857 243 2911 dictis
255 2863 282 2911 et
294 2859 402 2911 actibus
423 2859 483 2925 piis,
497 2859 580 2913 immo
593 2860 643 2926 ipsi
664 2861 771 2913 cbristo
784 2861 897 2914 effectus
917 2868 997 2914 estet
1009 2861 1148 2915 distribuit
1166 2860 1272 2912 cunctis

161 2971 226 3011 vcro
239 2963 266 3010 et
277 2964 338 3011 octo
350 2970 435 3024 agens
446 2959 542 3011 aetatis
554 2971 620 3012 suae
631 2972 729 3023 annos,
743 2960 865 3013 deseruit
878 2961 1005 3013 liberales
1024 2964 1105 3013 artes.
1120 2962 1186 3012 cum
1200 2971 1264 3012 vero

161 3056 205 3110 lus
216 3056 287 3111 foret
296 3057 402 3110 libanii
415 3061 496 3124 atque
508 3057 664 3127 andragatii
677 3059 892 3113 clarissimorum
905 3060 1000 3114 mundi
1013 3060 1189 3126 sapientium,
1203 3031 1276 3109 llrma

162 3168 255 3221 sensu,
275 3154 370 3208 sitiens
389 3154 497 3209 edoceri
519 3156 600 3208 etiam
622 3158 807 3210 sacratissima*
824 3157 871 3211 bei
889 3159 942 3210 vivi
967 3164 993 3210 et
1014 3158 1071 3212 veri
1092 3158 1226 3221 doctrina,
1249 3154 1274 3207 ie

164 3254 280 3306 nimium
292 3254 426 3322 attingere
444 3255 589 3308 lectionem
609 3255 775 3309 divinorum.
789 3257 838 3319 Qui
861 3258 888 3309 in
902 3257 995 3322 paucis
1015 3257 1113 3310 diebus
1134 3269 1230 3309 omnes
1253 3258 1276 3306 bs

163 3353 284 3420 psalmos
295 3353 367 3420 cepit
386 3354 529 3420 memoria,
543 3359 569 3407 et
582 3359 611 3407 ut
626 3356 761 3409 curiosius
782 3357 843 3422 quis
856 3357 1013 3409 incohatum
1026 3370 1041 3409 a
1062 3370 1091 3409 se
1103 3355 1214 3422 aliquod
1233 3367 1276 3420 opt

163 3465 226 3506 cere
238 3452 328 3520 gestit,
342 3453 380 3505 sic
392 3453 571 3507 admirandus
590 3455 640 3508 iste
653 3456 743 3508 satiari
758 3456 891 3522 gestiebat
908 3457 1078 3523 plenitudine
1091 3456 1221 3508 scientiae
1239 3455 1276 3506 up

164 3552 373 3618 scripturarum.
386 3554 452 3604 Nam
470 3557 501 3604 ut
520 3553 631 3619 quidam
644 3553 734 3606 solent
746 3566 837 3606 amare
860 3554 1046 3620 percurrendo
1058 3554 1150 3620 legere
1170 3554 1276 3606 divinos

163 3651 205 3703 vel
217 3656 248 3703 ut
259 3648 386 3703 nonnulli
400 3652 526 3717 propriae
538 3665 586 3704 eos
598 3653 745 3705 memoriae
754 3658 818 3705 sunt
830 3653 901 3706 soliti
915 3654 1076 3706 retinendos
1088 3652 1276 3706 commendare

161 3749 298 3803 dictorum
310 3749 476 3802 intellectum
491 3763 522 3802 ac
543 3751 737 3816 perfectionem
750 3758 860 3806 actuum
881 3754 988 3819 piorum
1013 3760 1156 3819 ponentes,
1170 3754 1206 3806 ita
1230 3754 1275 3807 bic

159 3861 209 3902 seu
219 3847 343 3901 discebat
354 3861 387 3900 ca
399 3860 470 3914 quae
483 3850 528 3901 bei
541 3854 629 3912 erant,
641 3850 689 3903 sed
702 3865 813 3904 sensum
826 3852 980 3906 eorundem
994 3852 1120 3905 studebat
1133 3866 1181 3919 per
1193 3860 1276 3905 cunct

164 3954 246 4015 atque
258 3960 327 4014 opus
339 3947 463 4013 implere.
476 3948 497 4000 Α
509 3947 579 4001 libro
601 3954 692 4002 autem
705 3953 842 4005 Geneseos
863 3952 1006 4017 inconcus,
1020 3965 1104 4018 prope
1123 3957 1236 4005 cunctas
1256 3967 1276 4006 s:

163 4047 261 4100 ordine
272 4047 420 4112 scripturas
431 4046 527 4100 didicit
538 4050 705 4104 memoriter.

199 4145 231 4199 5.
249 4147 360 4200 praesul
371 4159 450 4199 uerso
467 4146 602 4200 existebat
613 4160 645 4201 eo
658 4154 781 4216 tempore
793 4150 1118 4205 ccclesiaedntiocbeuae
1131 4152 1276 4205 beatissim‘

164 4244 219 4297 tius
231 4245 372 4298 confessor
384 4246 440 4313 bel,
454 4259 554 4312 genere
566 4248 719 4301 Armenius.
730 4251 779 4312 Qui
790 4251 959 4318 prospiciens
970 4253 1173 4305 adulescentem
1183 4253 1274 4306 bonae

162 4341 277 4409 lubebat
295 4356 359 4396 eum
384 4342 544 4409 frequenter
565 4347 749 4414 propinquare
769 4350 832 4415 sibi,
851 4351 1019 4416 amplectens
1040 4351 1275 4417 pulchritudinem

163 4440 237 4494 illius
249 4441 407 4508 prophetico
419 4442 520 4496 intuitu
529 4444 711 4499 adulescentis
720 4448 832 4500 exitum.
844 4449 882 4501 nd
893 4464 974 4516 quem
986 4450 1142 4516 pontilicem
1152 4451 1276 4506 acceden

164 4537 230 4593 lollx
239 4540 350 4607 juvenis
360 4541 509 4604 lohannes,
521 4544 650 4609 mysterio
662 4558 755 4600 sacrae
767 4547 906 4615 religionis
918 4549 952 4602 ab
974 4562 1006 4603 eo
1018 4549 1149 4615 imbutus,
1161 4563 1276 4617 regener
