3076 5498
150 302 216 367 314
496 321 621 373 caran.
640 323 743 374 cono.
762 326 937 376 nucrocn.
955 325 1037 377 usa.

152 493 252 546 torum.
268 488 336 541 utin
349 504 484 556 supernae
506 493 680 558 aspirationis
702 495 803 547 cultum
825 508 875 559 pro
895 495 1096 548 restauratione
1117 494 1159 546 sui
1182 496 1330 560 perseveram
1398 501 1408 521 ·’

152 590 192 638 est
203 587 316 640 edoctus
329 595 357 640 et
369 590 558 655 temporalium
579 591 659 644 donis
682 598 757 645 extat
779 594 900 646 victuum
921 592 1042 646 fulcitus.
1066 595 1132 645 Post
1152 588 1332 655 inscientia
1401 601 1407 619 ³

152 687 315 751 dictumest,
339 693 457 755 tompus,
471 691 528 756 ipse
549 692 634 745 abbas
654 698 684 745 ut
703 693 737 745 ad
756 694 895 759 propriam
917 692 1020 746 rediret
1039 693 1241 758 contiguitatem
1258 690 1334 742 liberta
1401 703 1408 736 -1

151 788 228 840 dedit
240 795 266 841 et
278 789 443 854 facultatem,
458 790 506 843 sed
517 794 677 858 saepissime
689 792 724 845 ab
736 807 769 846 eo
783 795 949 848 ammonitus
962 798 992 846 ut
1004 805 1061 846 non
1074 791 1221 845 immemor
1232 787 1336 844 beroldo
1401 802 1408 837 ·.-

152 901 212 940 rum
232 890 317 940 sancti
330 889 461 956 ttaglorii,
482 889 583 956 quibus
601 891 747 944 auxiliatus
768 901 818 955 est,
837 893 938 959 jugiter
958 892 1067 944 sincera
1087 896 1181 944 mente
1202 881 1352 943 cusoerell
1400 902 1408 919 ·’

154 989 231 1053 cujus
243 987 398 1053 praesentia
412 987 561 1055 digressus,
583 991 617 1042 ad
638 990 788 1056 praefatam
806 991 1023 1059 contiguitatem,
1046 1001 1103 1042 non
1122 991 1180 1056 jam
1202 981 1337 1041 claudussd
1401 999 1408 1035 t

154 1087 234 1152 plena
247 1088 433 1140 membrorum
447 1078 598 1153 quantitate
610 1089 760 1155 restitutus,
775 1102 831 1142 non
845 1089 971 1140 infirmus
984 1088 1032 1141 sed
1044 1087 1163 1149 validus,
1175 1099 1230 1140 non
1238 1082 1338 1138 doloribus

154 1188 244 1240 carnis
256 1189 364 1239 attritus
376 1189 423 1240 sed
437 1189 529 1255 vigore
541 1189 664 1241 sanitatis
677 1189 885 1256 circumseptus,
906 1202 960 1245 non
977 1190 1006 1241 in
1018 1188 1122 1242 lectulo
1135 1188 1240 1254 positus
1251 1184 1290 1239 sed
1299 1180 1337 1235 tolli
1404 1213 1408 1219 ·

154 1288 257 1340 viribus
269 1293 452 1352 praeerectus.
467 1302 523 1341 non
543 1289 692 1341 maestitiae
714 1289 823 1342 deditus
835 1290 884 1342 sed
906 1289 1043 1342 hilaritate
1057 1287 1197 1353 perfusus,
1209 1285 1286 1339 rediit
1296 1284 1336 1334 tud
1399 1298 1406 1331 ;

152 1391 242 1440 autem
256 1388 284 1439 in
295 1386 413 1439 reditum
426 1388 468 1439 sul
478 1388 569 1439 Sancti
583 1388 689 1439 itartini
702 1388 900 1454 propinquaret
911 1386 1218 1448 coenobio,immensus
1229 1371 1362 1446 amoniti·
1398 1396 1408 1403 ·’

151 1499 232 1538 sexus
245 1486 386 1552 popularis
398 1492 557 1552 conventus,
577 1487 693 1553 insuper
712 1491 740 1538 et
762 1486 861 1551 clerae,
886 1491 1063 1538 occurrentes
1076 1485 1103 1537 ei
1116 1484 1234 1549 obviam,
1250 1473 1337 1534 aduini
1404 1496 1408 1530 :

112 1567 117 1583 ⁸
152 1592 217 1636 sunt
229 1599 312 1650 super
324 1599 386 1637 eum
400 1598 481 1651 quem
495 1598 645 1651 numquam
657 1585 732 1637 abire
753 1584 886 1637 viderant.
909 1584 1004 1637 Clerici
1025 1589 1129 1647 autem,
1143 1583 1272 1648 pulsantes
1281 1579 1337 1645 tall,
1404 1598 1408 1630 :

153 1685 282 1749 hymnum
301 1685 339 1736 Te
351 1684 446 1735 Deam
467 1683 635 1736 laudamus
656 1684 827 1749 cecinerunt,
847 1689 874 1735 et
895 1683 985 1735 omnis
1002 1682 1122 1748 populus
1144 1694 1179 1735 cx
1200 1678 1338 1733 ecclisia
1366 1724 1370 1731 ,
1398 1696 1408 1728 .-

153 1782 296 1834 liominum
309 1781 561 1848 magnificaverunt.

154 1988 205 2045 De
219 1986 586 2059 quodamiuvencuio,
611 1984 673 2057 qui
697 1986 888 2057 postquam
912 1984 950 2044 in
970 1983 1155 2044 aethereis
1168 1964 1364 2050 assumliil⁸¹⁵

491 2082 585 2162 [est].
601 2101 626 2145 a
640 2084 792 2145 mortuis
803 2083 1049 2144 resuscitavit.

185 2279 217 2332 2.
231 2280 312 2331 llulta
325 2278 447 2345 quidem,
461 2278 558 2331 fratres
571 2279 716 2344 carissimi,
730 2284 756 2331 et
769 2277 849 2331 valde
861 2277 1023 2331 admiranda
1037 2278 1121 2344 hujus
1134 2274 1287 2330 sanctissimi
1297 2280 1336 2322 cot·

153 2377 264 2429 sessoris
277 2377 419 2442 lampadae
432 2378 558 2430 caelestis
578 2377 709 2444 Hegioni,
729 2390 800 2444 quae
821 2377 938 2444 gloriose
959 2377 1044 2443 gessit
1064 2377 1095 2428 in
1114 2376 1206 2441 terris,
1228 2375 1252 2426 in
1267 2365 1337 2439 paginis
1398 2385 1408 2431 i

152 2485 260 2530 exarata
273 2479 402 2546 leguntur
415 2480 556 2543 miracula,
570 2479 713 2544 exquibus
727 2490 873 2542 perpauca,
887 2489 923 2529 ne
936 2475 1004 2529 forte
1016 2476 1045 2526 ln
1059 2475 1111 2528 bac
1133 2487 1210 2528 sacra
1231 2470 1337 2526 lroditmlt
1406 2528 1408 2532 ,

152 2577 207 2630 dici
220 2579 402 2631 sollemnitate
414 2579 591 2632 audientibus
604 2578 670 2630 fiant
693 2590 821 2641 onerosa,
843 2578 907 2629 binc
928 2584 1024 2629 texere
1036 2576 1207 2628 censuimus.
1225 2552 1362 2625 adibit!
1402 2597 1408 2607 ·

154 2690 239 2729 unum
253 2683 345 2742 restat,
360 2676 433 2742 quod
447 2677 509 2729 licet
522 2677 647 2729 ultimum
662 2674 795 2729 lrabeatur
807 2676 835 2725 in
848 2674 957 2736 ordine,
971 2672 1115 2738 praecellit
1126 2680 1218 2725 tamen
1230 2668 1337 2723 martti&
1406 2704 1408 2709 ·

155 2778 202 2840 Qui
216 2777 341 2852 videlicet
354 2777 503 2840 confessor,
519 2782 664 2842 postquam
677 2776 758 2841 liujus
771 2774 841 2826 lucis
852 2774 949 2826 abruta
963 2772 1114 2839 dereliquit
1125 2779 1154 2825 et
1164 2768 1338 2829 coelestianis
1399 2798 1408 2805 -

155 2876 246 2939 subiit,
261 2878 416 2942 hymnicam
429 2889 540 2943 quoque
552 2876 712 2941 angelorum
736 2880 763 2925 et
776 2874 917 2927 bominum
937 2873 1042 2925 curiam
1063 2873 1227 2938 penetravit,
1242 2862 1339 2936 qucoltffl

155 2974 231 3027 illato
250 2974 300 3026 sibi
314 2975 348 3026 ab
358 2987 420 3026 arce
433 2973 541 3026 divinae
555 2972 705 3038 majestatis
718 2983 834 3024 munere
847 2971 1087 3037 adules[cen]tem,
1101 2971 1203 3024 factum
1221 2966 1339 3021 triduotff
1397 2992 1403 2997 -

156 3073 268 3135 nimem‚
282 3072 316 3124 de
329 3079 416 3124 morte
430 3072 537 3124 reduxit
549 3071 583 3124 ad
604 3073 695 3124 vitam.
719 3069 772 3122 sed
790 3070 930 3136 quomodo
952 3070 1025 3122 bunc
1046 3069 1108 3135 ipse
1129 3056 1341 3135 redintegratus&

157 3174 227 3225 vitae
240 3174 353 3224 strictim
366 3174 492 3225 volumus
506 3173 697 3238 perstringere.
713 3171 797 3237 liujus
810 3175 899 3222 autem
909 3169 1098 3223 adulescentis
1108 3168 1266 3223 vocabulum
1278 3156 1342 3213 lilii
1402 3194 1408 3209 .

157 3273 257 3339 loguen
272 3274 320 3324 boc
337 3277 415 3337 erat3
440 3272 571 3338 genitoris
595 3283 714 3336 namque
740 3272 799 3336 ejus
820 3269 1022 3336 cloitbloguen,
1047 3271 1133 3322 immo
1155 3251 1342 3333 etiamgenitr'ai
1405 3292 1408 3297 ·

157 3371 386 3437 tlabretiiioguen,
400 3371 445 3435 qui
459 3376 575 3436 uterque
588 3383 620 3422 ex
632 3369 732 3422 accolis
748 3370 881 3421 ccclesiae
894 3369 979 3434 ipsius
991 3368 1163 3422 confessoris
1176 3362 1345 3423 duxemntitl

157 3472 283 3536 paginem
296 3471 396 3522 carnis.
410 3472 476 3522 Cum
490 3483 555 3522 vero
568 3468 640 3520 idem
653 3469 815 3521 adulescens
827 3478 915 3521 vuntm
931 3469 965 3522 ab
977 3469 1039 3521 alvo
1050 3469 1148 3521 matris
1158 3466 1346 3522 essetanuomtl

158 3575 285 3634 parentes
298 3570 357 3634 eJ'us
380 3570 469 3634 ipsum
491 3569 667 3634 accipientes,
689 3580 752 3619 cum
774 3566 957 3619 luminaribus
979 3572 1006 3618 et
1025 3566 1196 3633 quibusdam
1216 3536 1376 3619 decenbri*

158 3670 307 3734 praelatam
321 3668 497 3720 contulerunt
510 3667 663 3731 ecclesiam,
689 3667 724 3718 ita
737 3670 885 3733 provocatu
906 3666 1024 3732 supplici
1045 3665 1126 3718 illum
1148 3667 1222 3720 ultro
1242 3660 1352 3718 caecato

160 3774 189 3820 ut
203 3766 258 3819 vita
276 3768 375 3819 comite
398 3767 431 3818 ati
453 3768 550 3819 ostium
574 3767 696 3832 ciusdem
719 3765 850 3818 ecclesiae
872 3770 1095 3833 conservaretur,
1115 3770 1143 3818 et
1164 3757 1356 3832 procurrcttlill¹

160 3868 240 3919 annis
254 3881 315 3918 cum
329 3865 436 3918 debitae
449 3867 584 3918 servitutis
598 3865 732 3931 obsequio
753 3865 828 3917 intus
848 3865 921 3917 circa
942 3863 1090 3918 officinalia
1102 3863 1297 3919 monachorum
1312 3849 1360 3909 illli

162 3969 276 4021 bomino
298 3968 487 4020 famulantium
508 3967 661 4020 diversoria
686 3967 845 4020 commodas
866 3968 1020 4020 celebraret
1039 3968 1186 4022 excubias.
1209 3967 1306 4033 Quibus
1320 3967 1365 4013 mit

160 4081 246 4133 usque
259 4068 293 4120 ad
306 4080 410 4118 annum
423 4068 482 4118 sine
493 4066 645 4119 offensione
658 4067 819 4119 vicesimum
838 4066 995 4133 implicatus
1007 4072 1059 4130 esi,
1082 4067 1221 4135 languore
1241 4061 1369 4120 fortissimi

160 4172 313 4229 correptus,
327 4165 461 4216 critalavit
474 4163 610 4229 spiritum.
625 4166 682 4227 Quo
694 4164 835 4229 defuncto,
849 4165 992 4229 praemissi
1014 4166 1076 4230 ejus
1098 4171 1244 4231 parentes,
1264 4172 1295 4217 ut
1310 4157 1376 4215 mor'c
1405 4182 1408 4207 i

160 4268 211 4322 est,
225 4265 287 4315 iruic
302 4263 430 4315 funereas
455 4270 620 4327 paraverunt
642 4265 795 4329 exsequias,
815 4270 842 4316 et
863 4264 963 4316 feretro
986 4265 1169 4329 imponentes
1190 4263 1380 4333 corpusculum.

159 4368 221 4413 ante
235 4363 306 4413 boati
320 4363 367 4412 riri
382 4363 555 4426 pertulerunt
567 4362 733 4426 sepulcrum.
747 4364 831 4428 Cujus
840 4363 967 4415 funebria
978 4362 1049 4416 tiens
1062 4370 1091 4415 et
1101 4365 1238 4432 hejulans
1250 4363 1385 4428 meteretis

8 4458 137 4498 'miluus
163 4468 304 4524 prosecuta
318 4463 406 4524 coepit
417 4461 551 4513 violenter
564 4467 659 4525 pectus
672 4463 846 4515 tundere....'
858 4463 987 4515 Protinus
1000 4468 1094 4515 autem
1106 4463 1143 4516 ad
1156 4466 1289 4531 ejusdem
1296 4462 1388 4518 confes·

8 4504 129 4547 reflatus

16 4552 139 4650 “mim
165 4557 233 4610 soris
256 4559 411 4623 sepulcrum
446 4561 551 4611 concito
574 4573 670 4625 gressu
703 4572 880 4627 percurrens,
909 4567 993 4628 atque
1023 4560 1093 4614 illud
1125 4562 1197 4617 fietu
1234 4556 1408 4619 amansiml

8 4664 13 4677 ¹
24 4651 152 4697 immid&
