3076 5498
150 265 217 334 216
493 277 618 328 caran.
639 276 741 326 conn.
761 275 935 326 meroen.
954 276 1035 327 ultr.

151 450 262 504 indicio.
277 452 369 516 ltaque
391 448 445 501 dno
460 446 499 498 illi
521 447 649 513 pistores,
663 458 781 513 quorum
798 458 871 497 unus
891 446 996 508 Petrus,
1010 443 1080 498 aiter
1102 433 1245 499 dicebatur
1265 446 1351 500 Gotber·

153 558 206 615 tus,
219 563 276 602 non
289 549 349 600 sine
370 545 552 599 admiratione
573 544 663 597 taliter
683 557 778 596 canem
799 557 879 596 sunm
900 543 1048 611 angustiari
1070 544 1279 609 considerantes,
1293 549 1350 596 netu

152 648 347 715 percelluntur,
371 654 399 698 et
429 644 663 711 horripilationem
686 644 727 697 sui
754 643 866 695 nimiam
897 655 953 694 non
983 642 1115 709 terentes,
1145 644 1241 696 Christi
1269 641 1346 695 bonini

152 749 264 802 nomine
285 760 314 799 se
334 745 519 807 consolantur,
534 744 611 810 signo
631 743 720 795 crucis
736 746 886 807 armantur,
900 746 927 795 et
946 742 975 792 in
997 755 1046 808 spe
1065 742 1163 795 salutis
1184 743 1293 796 securius
1306 745 1346 809 ian

152 847 240 913 positi,
263 845 385 910 deposito
406 845 440 896 ab
456 843 577 895 humeris
596 841 755 907 hauritorio,
776 839 903 893 videlicet
923 838 1050 907 caldaria,
1064 845 1092 894 et
1111 841 1212 895 irreclo
1231 841 1366 908 sparoqnoi

151 945 313 999 vectitabant
333 957 404 1007 eam,
418 942 572 995 deliberant
591 941 730 994 audaciter
752 940 924 1005 percunctari
945 941 1121 1006 contrariam,
1144 942 1272 1008 quidquid
1289 946 1344 1003 essct

152 1045 232 1110 huius
245 1044 283 1096 rei
297 1043 443 1094 fortunam.
458 1042 561 1104 Quibus
573 1039 856 1106 appropinquantibus
870 1037 916 1091 ille
927 1039 1010 1091 miser
1021 1038 1194 1093 cureboldus
1205 1040 1317 1107 apparuit,
1327 1045 1345 1090 et

152 1143 352 1198 sciscitantibus
373 1143 406 1194 de
424 1153 506 1193 causa
527 1154 575 1193 cur
588 1140 704 1197 venerit.
718 1144 812 1192 contra
828 1142 912 1193 lieum
932 1144 959 1193 et
971 1146 1097 1193 sanctum
1112 1141 1236 1194 basolum
1252 1140 1344 1205 blaspbe·

152 1258 213 1296 mus
226 1248 252 1296 et
263 1248 338 1294 extra
351 1255 380 1293 se
392 1241 478 1293 iaetus
489 1241 593 1308 garrire
607 1241 697 1292 mania
709 1241 807 1306 coepit.
820 1240 908 1305 Quia,
922 1241 1149 1307 inquiuoquam
1162 1241 1266 1294 Basolt'
1275 1239 1344 1292 bibere

151 1341 246 1407 uolui,
256 1341 321 1407 ipre
332 1352 431 1393 causa
442 1338 599 1392 avaritiae
611 1352 658 1391 me
671 1337 721 1392 hic
733 1339 873 1392 virectum
884 1337 1028 1392 detinuit.
1038 1339 1205 1392 Nuntiantnr
1214 1341 1274 1393 haec
1281 1336 1343 1391 abbati
1355 1333 1374 1385 lt

152 1443 302 1505 Manassae,
316 1439 363 1505 qui
386 1442 449 1489 lunc
471 1444 595 1502 praeerat
607 1438 650 1501 (l),
664 1445 691 1488 et
702 1437 837 1488 universis
849 1436 996 1503 iratribns3
1011 1438 1057 1504 qui
1071 1439 1223 1503 venientes,
1236 1452 1288 1491 eum
1298 1434 1342 1488 inibi

150 1541 287 1606 jacentem
301 1543 491 1603 reppererunt.
506 1539 628 1603 cumque
642 1549 705 1588 eum
718 1548 813 1588 omnes
832 1536 1007 1589 hortarentur
1024 1542 1054 1589 ut
1072 1550 1103 1589 se
1117 1551 1150 1590 ex
1168 1538 1299 1591 homicidio
1310 1534 1342 1586 ini

152 1650 205 1704 que
218 1641 327 1703 peracto
340 1642 435 1689 contra
449 1638 532 1688 licum
545 1641 572 1687 et
595 1641 720 1687 sanetum
743 1634 869 1688 basolum
887 1635 1052 1701 culpabilem
1065 1635 1202 1702 redderet,
1216 1650 1273 1691 oum
1282 1645 1341 1689 saon·

152 1735 252 1788 mentis
267 1735 293 1786 itl
307 1749 337 1787 se
351 1747 501 1800 numquam
515 1734 649 1786 iacturum
663 1734 812 1800 respondit.

184 1837 291 1887 interea
303 1834 413 1900 quidam
435 1834 523 1898 miles,
537 1835 658 1901 hogerus
677 1834 798 1899 nomine,
811 1835 888 1900 cujus
901 1835 929 1886 in
947 1834 1076 1888 comitatu
1095 1828 1269 1890 homicidium
1279 1824 1371 1901 poterii

152 1939 279 1993 trauerat,
293 1934 364 1985 lama
377 1933 405 1984 id
417 1933 519 1998 ubique
540 1933 739 2001 promulgante,
753 1933 830 1999 equis
852 1932 1014 1987 sudantibus
1031 1947 1094 1987 mox
1115 1932 1202 2002 affuit,
1215 1940 1241 1988 et
1251 1935 1341 1987 abbaten

151 2040 182 2087 ut
194 2034 328 2086 latronem
340 2047 419 2084 snum
441 2033 492 2083 sibi
515 2031 644 2085 redderet
667 2046 764 2100 rogare
785 2032 883 2099 coepit.
897 2034 946 2087 Cui
966 2033 1051 2086 abbas
1073 2035 1200 2100 protinus
1219 2031 1340 2100 respondit:

154 2133 315 2199 Quomodo,
330 2133 428 2198 inquit,
442 2132 536 2184 illurn
548 2145 638 2198 quem
653 2135 782 2186 sanctus
802 2133 945 2186 devincit
964 2134 1097 2187 Boeotus
1117 2135 1175 2188 tibi
1187 2136 1340 2198 deicerent·

150 2247 221 2285 sum
231 2233 243 2285 l
253 2233 375 2298 Cumque
388 2232 433 2283 ille
447 2245 542 2283 amens
555 2231 583 2282 in
597 2231 774 2297 blasphemiis
787 2231 957 2300 perduraret,
971 2233 1057 2286 abbas
1074 2234 1154 2287 illum
1167 2240 1266 2301 aparte
1283 2226 1339 2284 santii

152 2332 239 2384 basoli
252 2332 372 2384 abstrahi
383 2332 474 2397 jussit.
488 2331 553 2382 blira
576 2344 620 2382 res
634 2347 640 2383 :
655 2344 715 2384 mox
727 2336 757 2383 ut
769 2330 922 2385 abstractus
935 2339 975 2384 est
994 2337 1104 2399 atquea
1122 2339 1201 2400 parte
1212 2334 1286 2387 sancti
1299 2316 1368 2382 edii

152 2441 206 2498 tus,
220 2434 253 2484 ab
273 2432 348 2484 omni
371 2432 557 2483 membrorum
578 2433 765 2484 contractione
786 2432 900 2498 solutus,
915 2432 1002 2485 libere
1023 2433 1167 2488 ambulare
1188 2434 1279 2501 coepit.
1291 2433 1340 2482 lunt

148 2532 287 2598 praelatus
299 2544 390 2583 comes
404 2531 476 2582 hunc
489 2530 705 2595 apprehensum,
718 2538 747 2583 ut
761 2532 873 2583 meritus
886 2539 953 2599 eret,
968 2533 1067 2600 laqueo
1089 2535 1173 2586 vitam
1187 2535 1225 2587 illi
1244 2527 1339 2587 extorsit

147 2631 225 2684 etsie
238 2629 312 2682 caelo
326 2634 454 2695 terraque
477 2642 600 2695 perosus,
616 2630 753 2682 infelicem
774 2629 893 2682 animam
915 2630 1096 2684 infernalibus
1113 2632 1219 2685 abdidit
1242 2624 1340 2685 olattirii

149 2732 244 2798 dignas
256 2743 306 2795 pro
326 2728 472 2781 homicidio
486 2729 585 2794 injuste
598 2735 707 2794 peracto
721 2730 800 2782 luens
813 2742 923 2794 poenas.

184 2833 235 2882 iste
246 2830 327 2897 igitur
339 2829 527 2881 sanctissimus
541 2835 617 2894 pater
629 2836 722 2882 noster
739 2830 859 2892 basolus,
872 2830 921 2896 qui
933 2829 1038 2897 absque
1049 2830 1105 2882 ulla
1117 2832 1284 2900 ambiguitate
1291 2831 1339 2880 unii
1349 2809 1381 2864 ἶ·

150 2943 183 2984 ex
195 2929 307 2982 basibus
319 2929 366 2980 liei
379 2928 514 2980 Ecclesiae
536 2928 661 2993 habetur,
674 2941 774 2995 aquam
793 2928 834 2980 sui
848 2929 931 2981 iontis
944 2929 1110 2983 homicidam
1124 2931 1202 2984 illum
1215 2944 1266 2984 non
1276 2930 1340 2994 petili

150 3037 191 3084 est
209 3031 312 3095 bibere,
326 3030 389 3095 quia
412 3028 544 3080 famulum
566 3029 660 3093 ipsius,
680 3028 797 3096 maligna
814 3027 936 3082 devictus
956 3029 1115 3098 cupiditate,
1135 3015 1341 3088 interiecerat&

150 3135 272 3182 sanctam
285 3128 428 3180 ecclesiam
441 3127 589 3194 regendam
608 3111 634 3178 et
655 3127 862 3181 custodiendam
876 3131 947 3181 Deus
959 3131 1104 3184 commisit.
1118 3134 1173 3185 Nos
1186 3133 1270 3199 itaque
1285 3124 1343 3194 ipsius

151 3229 255 3280 meritis
267 3239 349 3279 venas
361 3227 464 3278 aeterni
478 3226 560 3278 sontis
579 3233 606 3277 et
628 3226 731 3278 aditum
754 3228 831 3293 regni
853 3228 981 3280 caelestis
1003 3229 1082 3282 nobis
1099 3233 1203 3296 aperiri
1224 3232 1343 3298 poscatiib

151 3332 286 3393 quatenns
308 3326 367 3391 ejus
382 3325 494 3389 protecti
508 3325 659 3389 patrocinio
673 3339 756 3391 quem
776 3326 855 3379 nobis
866 3328 997 3380 hominus
1009 3332 1157 3394 patronum
1170 3331 1240 3384 serre
1251 3300 1376 3396 digituli,

152 3430 203 3486 est,
217 3426 328 3491 laqueos
341 3422 488 3476 evadamus
502 3424 595 3476 mortis
613 3431 640 3476 et
657 3425 756 3490 ianuas
768 3425 875 3494 ingredi
896 3427 1035 3480 valeamus
1048 3433 1179 3483 aeternae
1195 3420 1347 3484 bmdndub

152 3528 202 3577 Per
214 3524 351 3576 Christum
365 3523 509 3575 bominum
521 3530 656 3575 nostrum.
670 3527 767 3578 hmen.

185 3625 216 3676 2.
230 3627 276 3676 De
297 3622 466 3675 sanatione
487 3623 655 3686 cujusdem
666 3625 793 3689 leprosi.
806 3655 839 3664 -
852 3629 889 3678 Ex
910 3629 1032 3695 partibus
1047 3629 1257 3685 flandrensium
1269 3625 1355 3698 quien

153 3736 257 3790 pauper
270 3725 350 3775 homo
365 3736 445 3774 snum
458 3722 528 3774 male
541 3735 570 3774 se
583 3723 732 3778 habentem
749 3726 777 3777 in
790 3726 922 3780 carricula
935 3728 1162 3784 circumducebat
1174 3731 1270 3795 illium,
1282 3734 1306 3782 ut
1318 3724 1355 3778 tit·

152 3822 234 3876 unitis
255 3836 475 3888 quaquaversum
493 3826 650 3875 sanctorum
673 3826 822 3892 memoriis,
835 3827 857 3879 si
877 3829 920 3881 cui
943 3830 1085 3882 beatorum
1108 3843 1252 3884 servorum
1270 3803 1381 3884 suumn:

153 3922 353 3988 omnipotentia
374 3921 465 3973 divina
487 3921 637 3975 clementer
655 3930 798 3991 annueret,
813 3940 881 3992 puer
899 3928 957 3994 ipse
971 3928 1041 3981 male
1057 3928 1183 3983 damnati
1201 3931 1244 3983 sui
1261 3924 1363 3994 corpeus

152 4021 387 4086 recuperationem
407 4033 503 4073 corum
523 4022 724 4075 interventione
746 4025 871 4078 obtinere
889 4027 1030 4092 potuisset.
1046 4026 1231 4093 Elephantiae
1250 4026 1366 4095 siquiden

154 4122 247 4172 morbo
260 4126 387 4187 gravatus
399 4127 426 4172 et
437 4125 493 4173 toto
507 4134 620 4186 corpore
633 4122 708 4187 lepra
720 4112 835 4176 varianti
848 4125 980 4178 deformis
994 4126 1089 4192 sactus,
1105 4126 1268 4183 miserabile
1280 4130 1372 4182 intuen-

150 4219 222 4271 tibus
237 4220 383 4285 praebebat
396 4220 591 4285 spectaculum,
605 4219 670 4273 dum
693 4235 707 4273 a
727 4224 827 4275 vertice
841 4225 937 4288 capitis
957 4225 1086 4291 usquein
1099 4225 1225 4291 plantam
1239 4229 1316 4295 pedu
1327 4228 1376 4282 nul·

157 4431 221 4574 iugi)
235 4434 295 4484 Post
307 4446 410 4485 annum
422 4433 525 4485 scilicet
541 4436 603 4486 1143
616 4441 643 4487 et
656 4440 718 4488 ante
738 4450 841 4490 annum
865 4440 928 4493 1153
947 4439 1043 4505 (Gali.
1068 4439 1198 4507 Christ..
1217 4451 1289 4500 tom.
1303 4450 1343 4512 lx,
1356 4463 1379 4514 p.
