3076 5498
83 3373 93 3393 ·
105 3372 171 3427 cod.
180 3386 241 3440 pro·

78 3437 241 3494 boiscentes.

120 3572 130 3592 ·
141 3569 207 3624 cod.

97 3635 232 3690 dulcatae.

256 296 301 362 24
545 281 548 286 ’
598 310 723 362 onaan.
743 311 845 362 donn.
864 310 1037 364 naamon.
1057 311 1137 361 nar.

257 482 291 535 ab
304 495 338 535 eo
350 481 415 535 editi
428 486 542 535 tractatu
553 485 583 534 ut
601 480 737 535 aiilrmare
758 481 949 548 praesentibus
970 480 1108 548 aliquibus
1119 485 1249 548 appareat
1261 480 1407 548 speciebus
1427 494 1485 548 pro·

257 583 316 649 pria
327 583 398 637 dicta
410 596 461 637 neo
473 584 565 650 aliquo
578 582 659 637 modo
671 582 798 636 haesitari
811 583 936 637 debeata
953 596 1092 650 quoquam
1104 581 1198 635 divino
1219 583 1293 636 hunc
1305 582 1403 648 spiritu
1416 594 1485 634 com·

258 684 392 754 posuisse.
411 684 517 737 Etenim
537 682 699 746 execranda,
718 688 747 735 ut
767 683 846 736 decet
865 687 989 744 cunctos,
1003 683 1086 735 noxia
1106 695 1234 749 quaeque
1254 682 1318 735 vitia
1339 687 1367 735 et
1386 679 1485 734 collau·

258 784 349 838 dando
360 783 453 837 docuit
467 787 575 836 sanctas
588 782 792 850 amplectendas
804 795 864 836 csse
877 783 998 836 virtutes.
1009 785 1075 836 Nam
1087 786 1117 835 ut
1129 782 1206 835 nullo
1219 781 1300 836 modo
1312 787 1419 848 poterat
1431 794 1487 835 non

256 877 411 950 vituperare
432 882 542 949 probra,
564 895 634 949 quae
655 883 795 935 uberrime
813 881 917 948 oderat,
939 882 978 935 sic
995 895 1086 948 neque
1107 895 1162 935 non
1187 880 1342 935 collaudare
1363 882 1487 945 virtutes,
1503 882 1532 932 5

257 995 325 1049 quas
337 981 495 1035 omnimodo
506 981 645 1048 diligebat.

292 1085 337 1137 11.
350 1085 387 1137 llo
400 1089 522 1150 tempore
533 1096 588 1150 quo
601 1082 674 1136 idem
686 1087 797 1136 sanctus
807 1083 946 1137 iohannes
958 1081 1091 1134 diaconus
1101 1088 1169 1146 erat,
1180 1086 1235 1135 tota
1244 1082 1310 1134 urbs
1319 1081 1488 1135 antiochena

259 1196 308 1249 per
318 1181 429 1249 aliquod
442 1187 548 1248 tempus
568 1182 723 1234 uehementi
744 1187 787 1235 est
807 1181 939 1248 exagitata
952 1184 1041 1233 terrae
1055 1182 1139 1232 motu.
1153 1180 1323 1245 Quapropter
1339 1191 1437 1232 omncs
1450 1179 1489 1232 in·

258 1281 411 1334 habitantes
422 1279 509 1347 ipsam
522 1280 629 1346 urbem,
642 1281 761 1333 exterriti
778 1292 877 1346 pavore
895 1259 1000 1344 mortis,
1014 1284 1124 1345 propter
1140 1278 1239 1330 delicta
1261 1291 1310 1330 sua
1332 1279 1438 1331 nullam
1455 1276 1490 1330 de

258 1379 363 1448 reliquo
375 1392 452 1447 spem
463 1379 558 1433 salutis
572 1379 710 1433 habebant
727 1384 835 1446 praetor
846 1380 935 1433 solam
954 1378 1184 1431 inaestimabilem
1204 1378 1410 1430 miserationem
1423 1375 1489 1429 divi·
1507 1379 1532 1429 Ι

257 1494 331 1534 nam.
345 1479 457 1546 Quidam
471 1494 504 1534 ex
517 1481 569 1546 his,
583 1492 639 1534 non
651 1479 740 1533 adhuc
758 1479 898 1546 baptizati,
910 1483 1107 1531 concurrentes
1127 1479 1251 1531 certatim
1270 1476 1304 1531 ad
1323 1476 1490 1542 sacerdotes,

260 1578 400 1633 tremendo
413 1593 475 1633 cum
494 1580 579 1633 multa
600 1578 751 1632 humilitate
772 1580 992 1647 deprecabantur
1011 1586 1043 1633 ut
1063 1591 1175 1646 nereos
1196 1577 1300 1631 donum
1319 1578 1389 1630 sacri
1408 1577 1493 1644 bapti·

258 1679 353 1732 smatis
362 1679 814 1746 consequerenturacreliquorum
825 1692 964 1733 sacrorum
976 1678 1167 1745 mysteriorum
1176 1677 1290 1746 gratiam
1301 1677 1491 1744 perciperent;

259 1783 287 1832 et
303 1792 354 1845 per
366 1784 419 1832 tres
431 1779 490 1831 dies
502 1779 589 1831 renati
601 1781 667 1831 sunt
678 1779 817 1832 innumeri
831 1778 993 1845 reliquaque
1012 1782 1182 1831 sacramenta
1204 1776 1295 1829 divina
1316 1775 1492 1846 [con]secuti.

260 1882 395 1933 doverant
414 1891 480 1932 vero
502 1878 579 1932 multi
601 1878 635 1930 de
655 1879 713 1944 ipsa
733 1879 840 1932 civitate
853 1884 979 1931 sanctum
990 1879 1145 1931 iohannem
1163 1877 1277 1929 multam
1296 1877 1493 1943 benignitatem
1521 1880 1532 1928 ¹.

260 1983 288 2031 et
305 1978 466 2044 sapientiam
489 1982 517 2030 et
536 1978 722 2042 sobrietatem,
734 1977 984 2042 mansuetudinem,
997 1977 1173 2030 dilectionem
1184 1989 1215 2029 ac
1228 1976 1349 2029 studium
1362 1989 1493 2042 magnum

261 2088 325 2143 erga
336 2076 476 2142 proximos
490 2074 519 2128 in
532 2089 562 2129 se
573 2076 685 2142 habere,
699 2088 847 2141 carumque
865 2078 919 2127 beo
932 2088 981 2141 per
993 2076 1061 2128 haec
1074 2088 1134 2127 esse
1147 2080 1243 2127 notum
1258 2073 1406 2127 habebant.
1421 2076 1493 2138 Quae

260 2177 352 2231 omnia
369 2189 543 2243 summopere
563 2176 779 2240 considerantes,
793 2189 848 2229 non
861 2179 992 2229 staturam
1005 2174 1047 2227 vel
1061 2176 1231 2242 juventutem
1251 2175 1342 2227 carnis
1363 2176 1424 2240 ejus
1443 2186 1493 2227 nec

260 2275 422 2330 diaconatus
434 2272 552 2328 odicium
576 2288 630 2341 quo
652 2274 816 2343 fungebatur
836 2275 1017 2339 attendentes,
1031 2286 1088 2326 non
1108 2273 1209 2326 solum·
1219 2273 1290 2338 laici,
1304 2273 1351 2326 sed
1365 2280 1394 2327 et
1406 2286 1493 2328 sacer·

259 2374 336 2429 dotes
348 2375 453 2441 priores
470 2374 518 2427 illo
537 2374 668 2442 dignitate
680 2379 761 2441 atque
781 2387 917 2427 annorum
940 2373 1125 2439 multitudine,
1138 2386 1201 2427 curn
1220 2387 1325 2426 summa
1338 2374 1530 2427 reuerentiatt

260 2487 336 2527 more
348 2474 427 2528 solito
438 2487 521 2539 super
532 2475 652 2541 seipsum
666 2474 839 2527 honorabant
850 2474 938 2540 illum,
951 2487 985 2527 cx
999 2473 1152 2527 humilitate
1165 2473 1304 2527 nolentem
1316 2473 1366 2526 scd
1379 2474 1492 2528 caritate

260 2572 402 2625 serentem.
414 2572 541 2625 Sciebant
549 2573 624 2625 enim
637 2571 664 2624 id
674 2571 805 2638 prodesse
815 2573 943 2640 singulis3
955 2572 1055 2639 quibus
1063 2572 1284 2626 desiderantibus
1295 2571 1389 2625 doceri
1401 2573 1492 2626 abillo

260 2671 350 2738 aliqua
362 2671 397 2724 de
410 2672 495 2724 sacris
507 2671 624 2737 eloquiis
637 2670 795 2738 saepissime
809 2673 1016 2739 reprobabatur,
1026 2686 1059 2725 eo
1069 2671 1143 2739 quod
1156 2672 1248 2725 nullus
1268 2672 1340 2724 inter
1361 2684 1410 2724 cos
1430 2672 1494 2725 huic

260 2772 358 2824 similis
371 2772 550 2838 inueniretur,
564 2773 610 2839 qui
624 2773 674 2825 hoc
695 2773 765 2826 siout
785 2774 837 2825 iste
850 2780 940 2838 posset
952 2773 1078 2839 implere.
1092 2775 1213 2837 Quorum
1226 2773 1277 2838 piis
1293 2773 1364 2825 rotis
1375 2784 1495 2841 congau-

259 2870 328 2923 dens
340 2874 422 2936 atque
433 2870 626 2938 congratulans
647 2871 764 2924 multum
783 2871 980 2924 consentiebat.
994 2871 1033 2922 ad
1054 2884 1136 2937 quem
1157 2869 1240 2923 etiam
1262 2875 1387 2936 tempore
1404 2873 1532 2924 terraett

260 2974 350 3022 motus
361 2969 437 3022 urbis
448 2969 535 3036 ipsius
547 2970 619 3023 cives
631 2970 741 3036 plurimi
756 2970 910 3038 congregati
923 2975 1029 3033 euntes,
1042 2983 1074 3023 ex
1092 2970 1237 3024 occasione
1249 2974 1314 3022 tuno
1332 2972 1496 3022 renatorum

262 3069 436 3137 postulabant
446 3070 481 3123 ab
493 3082 526 3122 eo
539 3075 568 3122 ut
579 3074 727 3135 exponeret
739 3070 793 3123 illis
806 3071 896 3138 qualis
911 3077 1070 3138 quantaque
1082 3072 1118 3123 sit
1134 3070 1293 3138 magnitudo
1306 3075 1497 3124 sacramento·

262 3183 323 3222 rum
338 3169 462 3223 omnium
474 3183 544 3236 quae
565 3167 709 3224 christiani
730 3171 879 3237 accipiunt,
892 3176 920 3224 et
940 3183 1010 3236 quae
1028 3184 1077 3236 per
1091 3170 1158 3222 haec
1178 3171 1231 3222 beo
1245 3169 1342 3236 -dignis
1356 3169 1432 3222 dona
1450 3171 1495 3222 tri·

262 3270 391 3333 huantur,
405 3274 434 3323 ut
446 3269 554 3322 animae
567 3270 708 3324 hominum
721 3272 824 3325 recenti
844 3275 966 3335 tempore
987 3269 1183 3334 baptizatorum
1196 3268 1352 3322 salubribus
1364 3282 1396 3322 ac
1408 3270 1497 3331 ritali-

263 3370 315 3423 bus
327 3368 417 3422 verbis
430 3381 479 3435 per
490 3382 627 3422 summum
642 3370 731 3422 virum
752 3370 864 3422 edoctae
877 3382 909 3421 ac
929 3367 1061 3431 firmatae,
1075 3369 1175 3422 sanetis
1187 3368 1291 3421 actibus
1310 3367 1498 3434 proficientes·
1515 3373 1532 3424 b

264 3468 447 3535 abundarent,
459 3468 537 3536 quasi
556 3468 678 3522 novellae
689 3469 826 3535 plantatae
845 3468 972 3522 dulcibus
989 3469 1067 3535 aquis
1087 3480 1137 3535 pcr
1158 3467 1261 3521 bonum
1282 3467 1432 3534 agricolam
1450 3483 1498 3523 eas

265 3567 441 3634 irrigantibus
452 3566 619 3620 dulcoratae·
633 3571 715 3633 atquc
728 3569 756 3619 in
769 3566 854 3620 altum
866 3566 1002 3620 radicatae
1020 3573 1175 3620 crescentes
1194 3566 1423 3633 uberrimamque
1442 3568 1498 3622 iru-

266 3672 339 3720 ctum
351 3665 507 3720 afferentes.
520 3667 703 3734 hcquiesoens
714 3673 806 3721 autem
817 3669 875 3733 ipse
896 3667 991 3721 devota
1012 3672 1114 3736 mente,
1125 3666 1309 3733 poscentibus,
1322 3679 1372 3733 per
1391 3668 1500 3735 aliquot

264 3764 332 3830 dies,
345 3766 400 3818 illis
411 3765 486 3818 horis
497 3778 567 3831 quae
576 3771 636 3832 post
649 3766 791 3819 meridiem
803 3773 867 3819 ante
876 3780 1005 3832 vesperas
1018 3771 1091 3832 sunt,
1104 3764 1139 3818 de
1156 3765 1198 3818 his
1216 3777 1287 3831 quae
1300 3766 1499 3832 perquirebant

265 3865 375 3931 proprio
388 3863 518 3918 mellilluo
535 3877 583 3917 ore
595 3870 753 3931 praesentes
770 3865 938 3920 sufficienter
950 3865 1088 3929 instruxit,
1101 3865 1174 3932 quod
1194 3866 1299 3918 scilicet
1315 3877 1365 3930 per
1377 3865 1426 3917 bei
1445 3880 1500 3933 my·
1514 3869 1532 3920 b

265 3963 346 4017 steria
358 3962 501 4016 universae
513 3962 626 4016 virtutes
637 3968 665 4016 et
677 3968 807 4030 perpetua
819 3965 872 4018 uita
894 3965 995 4018 dentur
1010 3967 1063 4018 beo
1085 3964 1175 4033 dignis
1195 3963 1374 4017 existentibus
1394 3965 1499 4031 spiriti-

265 4062 327 4127 bus,
342 4059 462 4129 indignis
474 4072 595 4126 poenae;
609 4064 636 4114 et
647 4060 743 4115 eadem
765 4074 813 4114 sua
828 4061 901 4115 dicta
922 4062 1019 4115 litteris
1031 4062 1176 4116 retinenda
1190 4061 1308 4129 posteris
1320 4061 1498 4116 instruendis

266 4157 414 4212 mandarit.
1316 4171 1318 4174 ⁴

299 4256 349 4309 ttt.
362 4259 494 4324 Tempore
509 4270 564 4324 quo
576 4256 610 4309 ad
622 4256 815 4311 declarandam
826 4273 918 4313 ueram
930 4259 1092 4313 catholicam
1106 4259 1187 4313 iidem
1200 4266 1227 4313 et
1239 4257 1432 4314 coronandum
1452 4274 1502 4329 per

266 4356 424 4423 martyrium
437 4357 598 4410 innumeros
612 4369 704 4411 servos
717 4357 774 4424 bei,
789 4360 844 4412 beo
855 4361 1040 4429 permittente,
1054 4361 1168 4414 mortale
1181 4360 1315 4427 pessimae
1327 4359 1502 4414 crudelitatis
1517 4364 1532 4415 t

264 4469 401 4510 venenum
413 4460 538 4509 versutus
549 4455 635 4510 bostis
647 4458 770 4511 saeviens
782 4457 816 4511 ad
829 4472 904 4512 suam
919 4460 1068 4526 perniciem
1082 4459 1229 4514 refundere
1248 4457 1376 4511 studebat
1392 4458 1501 4527 simpli·

262 4558 340 4611 cibus
352 4556 495 4610 animabus
507 4570 556 4624 per
567 4563 715 4612 sectatores
735 4560 881 4616 haereseos
899 4561 964 4626 Arii,
976 4561 1152 4616 Alexandrini
1174 4559 1312 4631 quondam
1326 4560 1498 4628 presbyteri,
