3076 5498
276 304 370 356 111111.
389 304 470 354 usa.
490 303 606 353 rums.
625 322 671 333 -
687 303 843 353 sereno.
863 301 910 352 111
926 301 1004 351 coo.
1024 301 1060 350 u.
1079 302 1114 349 1.
1134 297 1212 351 ruo.
1308 281 1375 347 503

133 475 321 532 tudistiset
334 471 539 539 lepistisquod
550 470 659 525 beatu
671 473 832 538 apostolus
846 471 969 525 Paulus
980 471 1075 524 dicit:
1092 487 1102 519 1
1117 472 1219 524 estote
1235 469 1376 523 radicati

132 578 165 630 {re
179 575 327 630 caritate
341 589 348 625 z
361 585 435 624 nam
454 572 483 623 si
495 570 630 626 habuero
642 584 763 625 omnem
770 570 968 638 prophetiam
981 573 1010 623 et
1021 570 1170 625 absconsa
1182 583 1302 624 arcana
1320 570 1376 623 Dei

133 677 287 730 coelata
299 670 379 724 mibi
387 668 517 739 fuerint,
530 672 561 721 et
572 669 738 723 caritatem
748 682 812 722 aare
824 667 970 737 babicero,
984 667 1066 722 nibil
1078 683 1148 722 sum
1158 684 1167 732 ,·
1179 672 1210 722 et
1220 669 1254 722 si
1265 669 1376 724 dicero

132 774 212 828 ¹meio
225 771 330 825 moreti
351 787 360 824 .·
382 768 464 823 Tolle
483 770 513 821 et
526 767 614 820 mitte
625 767 660 819 in
681 767 775 830 mari,
791 770 823 821 et
842 768 969 822 tolletur
987 770 1017 821 et
1037 767 1177 821 mittitur
1198 767 1230 819 iu
1250 768 1336 822 mari
1345 771 1376 822 et

132 872 281 928 *comtat
293 869 337 922 ad
351 869 565 932 boemerum,
578 866 745 920 caritatem
762 878 823 920 uon
843 865 988 931 habuero,
1001 866 1086 919 nibil
1096 878 1166 921 sam
1177 883 1201 932 1,
1214 868 1263 920 vet
1274 871 1376 922 cetera

132 973 205 1026 otia
219 967 609 1037 quaeapostolussanctus
618 965 706 1019 dicit.
724 965 815 1031 Unde,
825 977 950 1032 quaeso,
959 978 1092 1031 sorores,
1105 966 1204 1019 uidete
1215 979 1254 1019 ue
1265 967 1376 1034 atiquo

132 1070 270 1125 malitia
283 1069 318 1120 iu
330 1066 471 1122 cordibus
484 1065 596 1119 uestris
608 1065 651 1118 sit
664 1068 721 1118 aut
738 1067 847 1119 contra
860 1077 908 1117 me
919 1067 976 1118 aut
987 1066 1029 1117 od
1041 1065 1173 1119 invicem
1185 1067 1220 1119 iu
1232 1067 1376 1120 cordibus

134 1169 255 1225 uestris
269 1168 353 1223 iuter
365 1165 447 1220 oobis
460 1166 547 1232 ipsis,
568 1165 622 1219 sed
635 1167 757 1220 manete
777 1177 900 1230 semper
912 1165 946 1217 iu
962 1165 1097 1218 caritate
1108 1167 1138 1218 et
1158 1165 1193 1219 irc
1208 1165 1375 1233 patientia.

139 1271 175 1324 lit
189 1270 223 1323 si
234 1268 339 1321 subito
351 1265 519 1320 iracundia
532 1265 566 1319 iu
579 1265 800 1333 uuusquisque
809 1265 899 1319 corde
911 1268 988 1318 nata
997 1263 1220 1332 feuritstotim
1234 1267 1277 1319 ad
1283 1267 1376 1335 pacis

137 1370 282 1424 osculum
300 1380 369 1421 cum
380 1365 455 1420 bono
473 1366 580 1419 auimo
600 1365 703 1418 venite
720 1365 764 1418 ad
777 1365 909 1418 invicem
922 1383 930 1418 .·
943 1365 1018 1432 quia
1033 1366 1134 1420 omnis
1153 1366 1323 1421 iracundia
1335 1380 1376 1420 eoo

142 1467 266 1522 diabolo
279 1464 441 1533 procedit.
460 1464 499 1518 lit
517 1464 601 1518 sicut
614 1464 697 1516 oteus
715 1476 809 1530 super
829 1476 931 1530 aquas
950 1465 1052 1529 notat,
1076 1463 1122 1517 sie
1141 1465 1261 1517 caritas
1280 1478 1375 1531 super
1430 1467 1516 1522 'cod

141 1566 246 1621 omnia
259 1563 490 1631 bonapoeuimt,
503 1564 532 1615 et
548 1560 631 1614 nibil
639 1563 786 1628 praestat
802 1560 970 1627 oirpinitas
988 1562 1097 1615 caruis
1115 1561 1166 1615 ubi
1189 1560 1289 1631 fuerit
1306 1563 1369 1617 ira·
1402 1533 1534 1600 mmet

141 1663 259 1721 cundia
272 1661 388 1717 cordis.
400 1660 457 1715 Sed
464 1673 524 1728 per
536 1659 653 1724 omnia,
666 1659 868 1713 dulcissimus
880 1672 1012 1723 sorores,
1025 1660 1144 1714 caritas
1156 1674 1277 1728 semper
1288 1675 1374 1716 marc-

140 1767 230 1820 noeta
247 1765 303 1827 est,
317 1774 437 1828 semper
455 1761 587 1828 beuipua
604 1762 658 1825 est,
677 1773 851 1826 uuruquam
865 1760 1007 1813 elevatur
1024 1761 1059 1812 iu
1076 1761 1212 1814 matitia.
1234 1762 1291 1816 Sed
1308 1775 1375 1817 ecee

135 1865 208 1931 jam
219 1873 368 1930 coquoseo
378 1873 431 1928 eqo
444 1862 565 1927 ternpus
576 1862 606 1914 et
617 1858 700 1912 diem
707 1859 782 1927 sinis
791 1872 888 1912 meae.
905 1859 1031 1914 Obsecro
1042 1862 1186 1914 atomues
1196 1861 1276 1914 mibi
1282 1863 1375 1930 pacis

141 1965 285 2020 meatum
297 1959 377 2014 detis
388 1963 418 2013 et
429 1971 534 2013 omues
540 1972 602 2026 pro
615 1959 727 2012 anima
744 1971 814 2012 mea
826 1959 932 2023 oretis,
945 1961 980 2011 ut
999 1957 1078 2012 mibi
1090 1972 1153 2013 nou
1169 1960 1212 2013 sit
1224 1961 1375 2015 inimicus
1480 1989 1481 1992 ¹

140 2065 249 2118 noster
269 2061 304 2114 iu
326 2060 463 2113 transitu
475 2071 542 2112 meo
560 2059 776 2112 aduersarius.
790 2060 857 2111 Cum
878 2058 943 2111 liaeo
965 2059 1064 2112 ancilla
1086 2060 1184 2112 christi
1206 2074 1268 2113 curn
1290 2062 1374 2114 nimia

140 2160 277 2216 effusione
300 2160 474 2212 lacrimarum
495 2157 619 2221 dixisset,
642 2158 789 2224 prosternit
807 2171 837 2211 se
856 2157 890 2210 ad
908 2158 993 2224 pedes
1014 2172 1120 2224 eorum,
1144 2161 1268 2214 omnium
1288 2161 1372 2225 pedes

139 2261 281 2316 osculans.
294 2261 326 2311 ut
337 2259 411 2325 pacis
422 2258 547 2311 osculum
559 2257 671 2324 accepit,
685 2262 712 2310 et
732 2258 821 2310 statim
834 2258 912 2311 loeus
923 2257 969 2311 ille
982 2259 1149 2313 contremuit
1160 2265 1188 2312 et
1200 2261 1249 2313 lux
1261 2261 1373 2314 emicuit

137 2367 247 2415 saneta
260 2361 322 2412 Post
334 2359 402 2410 haee
422 2363 630 2424 promeruerunt
642 2369 672 2409 se
685 2357 714 2409 in
734 2357 870 2423 oratione,
882 2357 982 2424 gratias
993 2365 1107 2425 agentes
1125 2361 1240 2414 Domino
1253 2359 1373 2415 devotio·

139 2473 206 2513 nem
229 2457 348 2511 ancillae
359 2470 433 2510 suae.
448 2457 480 2508 Et
499 2461 641 2523 surgentes
653 2458 687 2509 ab
709 2456 842 2524 oratione,
856 2456 970 2510 elevavit
982 2470 1080 2510 manus
1098 2472 1161 2511 suas
1173 2460 1201 2511 in
1214 2460 1331 2527 caelum,
1345 2467 1373 2514 et

139 2559 181 2611 sie
191 2562 318 2610 sandum
331 2554 442 2609 tradidit
454 2555 589 2622 spiritum.
603 2557 665 2607 Post
678 2557 744 2608 haec
756 2561 894 2622 tamquam
909 2556 1062 2610 balsamum
1074 2564 1121 2611 aut
1132 2559 1292 2614 cinnamum
1305 2561 1370 2615 odo·

139 2657 309 2720 rimetusus,
322 2663 353 2708 ut
364 2654 444 2708 etiam
463 2667 528 2721 prae
541 2655 626 2708 nimio
644 2654 738 2707 odoris
749 2641 909 2708 suavitatem
930 2669 1012 2709 nemo
1025 2662 1131 2723 poterat
1143 2660 1307 2722 contristari,
1322 2661 1371 2714 sed

139 2769 240 2812 omnes
251 2754 350 2822 gaudio
362 2767 461 2823 magno
473 2753 571 2820 repleti
583 2759 649 2806 sunt
660 2754 694 2807 de
713 2758 803 2807 tantae
816 2755 956 2809 suavitatis
968 2756 1091 2810 odorem.
1104 2760 1188 2823 Quem
1201 2771 1300 2826 corpus
1313 2761 1372 2826 ejus

138 2861 267 2910 mudum
282 2867 344 2908 cum
358 2853 442 2906 nimia
455 2852 535 2906 laude
549 2852 721 2918 psallendum
735 2853 763 2906 ln
775 2855 902 2920 sepulcro
923 2855 1083 2922 dignissime
1095 2857 1244 2922 repositum
1257 2857 1316 2912 tuit.
1329 2861 1372 2912 sic

138 2956 233 3011 omnis
246 2954 322 3021 plebs
334 2953 431 3008 devota
444 2952 658 3006 aedificaverunt
670 2953 816 3006 baselicam
831 2955 859 3006 in
872 2955 984 3008 nomine
996 2956 1113 3010 ancillae
1124 2957 1234 3012 christi.

171 3055 292 3107 xxm.
306 3056 374 3106 bum
387 3058 476 3105 autem
489 3050 523 3104 ad
537 3052 693 3117 sepulcrum
703 3053 762 3118 ejus
774 3055 915 3107 caudelam
929 3056 1093 3121 posuissent,
1107 3070 1190 3123 quem
1202 3058 1264 3111 oleo
1277 3060 1371 3126 imple·

136 3159 242 3207 rerunt
254 3159 282 3204 et
294 3152 538 3215 inluminaverunt,
551 3156 626 3204 tanta
647 3151 699 3204 olei
712 3152 881 3205 abundantia
901 3153 936 3206 de
949 3154 995 3208 illa
1015 3155 1130 3210 candela
1143 3161 1370 3223 superabundans

135 3252 234 3307 utalia
249 3251 356 3303 vascula
368 3264 402 3303 ex
415 3252 474 3317 ipso
487 3250 548 3304 oleo
558 3250 633 3317 quod
643 3251 678 3304 de
693 3251 808 3304 candela
819 3251 960 3307 descendit
974 3255 1057 3308 multa
1070 3257 1229 3321 repleantur
1240 3264 1269 3312 et
1281 3260 1370 3313 levan-

137 3357 186 3404 tur
198 3349 299 3402 exinde
320 3362 368 3415 pro
389 3349 524 3403 infirmos.
546 3349 598 3401 Sed
619 3349 653 3402 de
674 3350 788 3402 candela
806 3350 852 3403 illa
870 3365 1021 3419 numquam
1043 3354 1183 3407 minuatur
1203 3356 1304 3422 oleum,
1318 3360 1369 3412 nisi

133 3461 249 3515 semper
260 3449 341 3514 plena
355 3454 411 3500 stat
422 3454 449 3501 et
461 3447 549 3500 ardet.
563 3448 767 3514 etquicunque
781 3449 956 3502 infirmantur
968 3451 1003 3503 de
1015 3464 1188 3519 quacumque
1201 3454 1368 3526 infirmitate,

131 3549 177 3602 vel
191 3549 215 3600 si
227 3548 290 3614 quis
302 3549 336 3601 ab
357 3548 454 3613 spiritu
476 3546 578 3600 diaboli
591 3553 702 3600 vexatus
723 3548 815 3613 fuerit,
829 3562 889 3602 mox
909 3549 944 3602 de
965 3551 1027 3604 oleo
1048 3552 1115 3604 illud
1128 3559 1174 3606 aut
1196 3554 1315 3609 biberint
1327 3558 1369 3613 vel

129 3647 266 3714 peruncti
279 3646 382 3699 ruerint
391 3647 419 3698 in
428 3646 541 3699 nomine
555 3644 661 3698 bomini
675 3646 761 3698 nostri
772 3649 835 3698 Jesu
845 3648 952 3715 christi,
964 3650 1054 3701 statim
1065 3651 1110 3703 bei
1121 3650 1207 3718 gratia
1219 3662 1368 3723 sanantur;

129 3752 162 3802 et
173 3758 225 3798 vas
238 3745 284 3799 ille
297 3759 405 3812 semper
417 3747 516 3812 plenus
529 3752 580 3798 est.

165 3848 307 3900 mm.
320 3848 421 3900 Tamen
435 3847 457 3898 si
471 3845 506 3900 de
518 3848 577 3913 ejus
599 3849 773 3913 monasterio,
787 3850 861 3915 quod
874 3851 973 3903 ancilla
995 3852 1040 3903 bei
1053 3853 1159 3906 Christo
1182 3856 1295 3910 domino
1308 3870 1370 3911 con·

128 3945 265 4009 secravit,
278 3946 368 4012 aliqua
380 3945 478 3999 devota
499 3946 615 4000 voluerit
627 3948 713 4014 rugire
726 3948 875 4001 seducente
893 3948 1013 4014 diabolo,
1028 3952 1055 4002 in
1069 3953 1163 4006 eadem
1178 3955 1244 4007 hora
1257 3957 1369 4011 candela

128 4048 178 4102 illa
191 4046 433 4099 abundantissime
456 4047 538 4098 vertit
549 4047 641 4099 oleum
662 4053 688 4099 et
701 4052 839 4114 tamquam
861 4050 883 4099 si
906 4050 996 4115 pluvia
1018 4051 1056 4104 sic
1078 4051 1222 4106 descendit
1241 4056 1318 4110 olcus
1335 4058 1369 4111 de

128 4143 253 4201 :andala
266 4143 322 4209 illa,
335 4156 480 4211 quousque
501 4144 596 4196 devota
610 4145 655 4196 illa
677 4146 775 4198 ancilla
790 4148 834 4199 liei
848 4147 883 4199 ad
898 4151 1093 4202 monasterium
1106 4153 1239 4204 coenobio
1253 4163 1370 4209 reverta·

128 4258 184 4303 mr.
203 4246 279 4298 ilaec
290 4242 394 4296 donum
409 4243 455 4295 bei
466 4247 517 4308 est,
531 4219 621 4296 atalia
644 4245 737 4303 multa,
752 4259 822 4312 quac
836 4249 948 4316 longum
971 4256 1012 4301 est
1033 4263 1154 4304 narrare.
1168 4252 1222 4304 Sed
1235 4255 1373 4308 sufficiunt

128 4350 204 4402 baec
224 4341 261 4395 ad
275 4341 369 4395 tideles
381 4343 480 4394 curisti
501 4342 693 4396 accendendas
705 4346 810 4397 animas
823 4347 857 4398 ad
869 4348 968 4400 Christi
982 4362 1085 4402 amore.
1100 4351 1254 4404 Promeruit
1272 4356 1371 4409 ancilla

128 4444 234 4503 :tacisti
249 4446 313 4507 post
324 4442 429 4508 obitum
443 4455 525 4493 suum
547 4447 577 4494 ut
587 4443 716 4495 omnibus
729 4444 855 4497 tidelibus
878 4448 911 4500 ad
925 4461 1004 4500 suum
1018 4454 1143 4500 sanctum
1164 4463 1262 4515 corpus
1275 4455 1308 4504 sit
1321 4456 1373 4508 iter

128 4558 241 4604 ‚onum
256 4540 291 4594 ad
306 4542 451 4594 bominum
474 4544 557 4594 Deum
574 4556 622 4608 per
642 4544 768 4597 ancillam
784 4559 870 4598 suam.
886 4549 935 4610 Qui
949 4551 1017 4615 [ejus
1029 4550 1139 4616 vestigia
1163 4551 1269 4605 sincera
1283 4561 1374 4609 mente
