3076 5498
458 346 550 403 arar..
570 355 655 405 nur.
675 356 790 406 etms.
810 376 856 385 —
871 355 949 404 con.
972 339 1060 403 riusa.
1320 339 1387 405 275

259 521 326 598 46⁰
345 521 461 600 Liber
489 521 540 600 de
570 524 648 602 vita
674 531 713 601 et
731 523 848 624 gestis
867 522 989 601 sancti
1010 522 1111 600 Petri
1131 521 1379 618 confessoris,

309 647 510 746 quondam
528 668 652 747 papae
672 645 876 724 Caelestini
888 646 1030 747 quinti,
1048 645 1267 724 fundatoris
1280 645 1387 723 ordi-

310 768 372 847 nis
390 767 697 848 Caelestinorum
715 768 792 871 (fol.
814 768 1032 867 wil-illis).

201 899 311 953 Auctore
323 902 402 954 Petro
414 902 448 953 de
461 901 573 966 ulliaco,
587 901 631 955 ed.
647 901 726 967 tuin„
739 902 773 954 ad
786 901 813 953 d.
831 903 861 955 tt
873 900 946 969 Maii,
962 907 1025 954 tom.
1041 902 1082 966 lv,
1096 915 1123 967 p.
1136 901 1239 954 etl-97.

260 999 323 1076 470
341 1000 425 1078 Vita
456 1001 578 1079 sancti
614 1000 799 1079 Ludovici
836 1001 938 1102 regis
973 1008 1011 1078 et
1042 998 1279 1078 confessoris
1304 998 1383 1099 (fol.
1502 987 1505 994 ’

308 1122 527 1223 nonaum.

203 1247 393 1309 Eumedes
408 1256 485 1309 Hirt.
501 1258 565 1322 Fit,
580 1261 645 1310 torn.
663 1258 751 1320 xlllll,
764 1269 789 1321 p.
805 1257 905 1322 raom,
915 1267 1014 1322 nempe
1025 1267 1121 1308 novem
1133 1256 1265 1312 lectiones
1275 1255 1303 1307 in
1314 1255 1392 1322 festo,

181 1356 230 1399 uon
239 1366 297 1407 vero
309 1354 372 1407 illae
384 1368 456 1421 quae
467 1368 517 1421 per
528 1360 652 1409 octavam
664 1355 818 1423 assignatae
831 1360 905 1407 sunt.

266 1452 495 1554 48⁰[Ser1no
530 1455 580 1534 de
615 1461 748 1533 saneta
782 1453 975 1532 Genovefa
1019 1476 1092 1555 pro
1135 1454 1392 1533 inundatione

315 1600 506 1678 aquarum
524 1601 626 1656 auno
647 1578 755 1680 tato}
771 1578 848 1678 (iol.
871 1576 1087 1678 ill-llil).

212 1703 252 1760 td.
264 1709 339 1773 ibim,
349 1725 379 1777 p.
394 1714 488 1766 tauta
500 1731 507 1778 ;
520 1712 567 1765 uhi
592 1717 702 1765 notatur
722 1711 886 1764 miraculum
899 1712 999 1763 tactum
1012 1723 1086 1763 anno
1098 1720 1246 1777 uacuum,
1260 1710 1288 1763 in
1301 1715 1394 1765 nostro

175 1811 258 1860 autem
270 1810 449 1866 codiceanno
470 1823 557 1866 utcu.
578 1812 708 1878 Sequitur
730 1811 892 1864 miraculum
915 1809 960 1865 ed.
981 1810 1061 1874 iota,
1083 1824 1110 1876 p.
1131 1810 1188 1874 156,
1201 1810 1275 1876 quod
1299 1809 1396 1876 incipit

171 1907 395 1964 Auctoritatem
406 1910 545 1976 &aedem
556 1911 740 1965 miraculi...

264 2008 329 2085 490
349 2009 534 2088 Miracula
560 2009 664 2088 beati
696 2009 883 2088 Ludovici
917 2007 1020 2110 regis
1047 2015 1085 2086 et
1102 2007 1337 2087 confessoris
1354 2008 1396 2107 (l)

315 2132 393 2233 (sol.
415 2133 633 2232 li9V-l3l‘).

195 2265 249 2320 ad.
264 2265 342 2332 ibid„
356 2281 383 2332 p.
400 2268 502 2330 witot,
516 2266 564 2320 scd
577 2267 631 2319 alio
645 2265 753 2320 ordine.

266 2364 332 2442 500
350 2364 434 2442 Vita
451 2365 573 2443 sancti
593 2365 733 2442 Fiaerii
748 2363 981 2442 confessoris
998 2364 1039 2463 (l)
1056 2362 1132 2463 (tol.
1154 2361 1368 2462 attentat.

189 2496 247 2549 Ed.
261 2497 327 2548 Act.
339 2495 398 2560 ἃς,
412 2495 445 2546 ad
458 2495 485 2548 d.
498 2497 531 2547 30
543 2496 620 2563 Aug„
634 2500 699 2548 tom.
722 2496 764 2558 vt,
786 2510 812 2560 p.
831 2495 918 2559 too-s,
939 2507 1015 2548 num.
1037 2496 1107 2546 748.
1129 2496 1237 2546 Numm.
1261 2497 1285 2560 t,
1307 2497 1397 2559 spro-

140 2599 264 2654 lixiora
277 2595 401 2648 referunt
414 2594 448 2648 de
461 2595 541 2649 beato
554 2598 670 2650 Farone.

266 2693 333 2770 510
351 2692 435 2771 Vita
452 2694 575 2773 sancti
595 2693 797 2771 Guillermi
817 2692 970 2770 abbatis
988 2691 1038 2771 de
1056 2692 1164 2769 Datia
1195 2691 1271 2792 tfol.
1289 2691 1399 2769 illr-

176 2954 241 3009 m.
261 2962 297 3002 οι
311 2816 434 3002 iffi.
448 2949 527 3015 nia,
541 2949 575 3003 aa
587 2948 613 3001 r.
628 2950 750 3016 capnt,
764 2957 830 3002 tom.
844 2951 864 3011 ι,
880 2964 907 3015 p.
921 2949 1023 3002 caua.

267 3047 335 3124 52⁰
352 3047 551 3125 Tractatus
582 3046 684 3123 beati
716 3045 918 3124 Guillecmi
941 3045 990 3123 de
1009 3044 1243 3125 revelatione
1260 3045 1400 3146 capitis

320 3180 358 3249 et
372 3173 549 3273 corporis
567 3172 703 3250 beatae
722 3173 938 3250 Genovefae
955 3171 1031 3270 tl'ol.
1055 3170 1270 3270 iliis-lois).

176 3309 244 3365 ssd.
260 3304 345 3368 ilud„
359 3304 393 3357 acl
406 3304 433 3357 d.
448 3308 548 3370 itam,
563 3311 628 3358 tom.
642 3307 663 3371 1,
676 3321 704 3371 p.
719 3308 820 3358 tae-sa.

268 3402 338 3480 530
354 3402 563 3503 [llincmari
596 3404 759 3503 epistola
785 3403 836 3481 ad
855 3403 1036 3481 Carolurn
1055 3404 1332 3503 imperatorem
1351 3401 1401 3479 de

324 3527 504 3626 passione
522 3526 645 3604 saneti
664 3527 850 3627 Dionysii]
867 3527 944 3623 (iol.
966 3526 1183 3624 atta-toa).

177 3666 245 3722 aa.
266 3663 298 3713 a.
312 3661 355 3722 ι,
369 3666 434 3718 rom.
447 3661 555 3722 cxxvi,
568 3673 594 3725 p.
610 3661 711 3713 rua-at.

267 3755 341 3833 540
356 3755 463 3857 [Vita]
480 3756 584 3835 beati
604 3756 777 3856 Gregorii
794 3756 958 3834 Romani
985 3756 1183 3858 pontilicis
1200 3755 1276 3853 (sol.
1298 3756 1402 3834 0600-

174 4019 324 4077 Auctore
336 4012 441 4064 Joaunc
453 4009 578 4063 diacono.

171 4237 223 4303 (l)
237 4226 291 4285 Ad
304 4225 409 4279 calcem
432 4224 566 4290 scriptum
588 4231 629 4276 est
651 4240 657 4275 :
681 4221 813 4276 Collatia
834 4221 924 4289 facta
945 4224 992 4275 eat
1011 4223 1054 4275 ad
1077 4222 1267 4289 oripiaatem
1288 4221 1402 4275 librum

130 4310 304 4398 palacii.
322 4336 357 4347 -
373 4310 408 4374 (tt
421 4310 489 4360 ltem
502 4305 537 4358 acl
549 4305 671 4359 calcem:
688 4305 820 4358 Collatia
840 4304 930 4372 facta
950 4307 995 4357 est
1016 4305 1059 4358 ad
1080 4305 1267 4371 ortpc'natem
1287 4304 1404 4357 libram

130 4394 323 4474 molestae
333 4388 540 4445 parisiensis,
