3076 5498
147 278 212 345 538
488 297 615 348 carna.
639 300 741 350 conn.
761 299 935 349 macroce.
955 300 1037 350 cnr.

146 465 209 516 tatis
219 467 317 530 poterit
328 467 444 532 opinari,
458 472 591 533 quantum
605 469 725 522 Salvator
744 470 884 536 Dominus,
898 469 1026 535 magister
1044 483 1123 536 suus,
1141 483 1194 524 suo
1212 469 1281 525 nuel
1294 471 1347 525 disti·

147 564 210 632 pulo
233 566 366 630 praestitit
386 567 517 620 exbiberi.
531 567 658 619 anterius
678 581 797 634 namque
818 582 868 621 nec
891 575 984 634 postea
997 569 1081 621 simul
1093 570 1122 621 in
1136 583 1226 623 unum
1245 569 1346 637 apudros

147 666 257 717 estvisa
271 671 325 717 tam
347 668 468 719 virorum
489 666 646 720 decentium
668 667 878 720 innumerabilis
899 668 989 732 turba,
1011 668 1245 737 diversorumque
1256 668 1345 723 densim

146 764 319 830 populorum,
343 765 389 831 qui
409 778 458 818 suo
480 766 568 831 primo
588 777 689 819 venere
712 767 812 831 pastori
841 765 963 819 debitum
988 766 1106 821 reddere
1131 768 1296 822 famulatum.
1311 767 1344 820 lod

145 868 236 916 tamen
250 876 306 916 non
318 865 396 917 deest
406 865 533 918 assiduus
554 867 743 918 famulantium
756 864 808 918 sibi
820 879 885 933 grex
899 866 1038 932 copiosus,
1052 867 1100 933 qui
1113 880 1167 933 pro
1183 868 1282 922 cunctis
1295 866 1361 935 quei

144 965 296 1029 promereri
308 963 446 1017 desiderat
458 966 534 1031 quasi
547 964 679 1017 auxilium
691 978 765 1017 nunc
779 977 934 1024 recurrens,
948 966 1136 1033 frequentiam
1154 968 1279 1021 orationis
1292 967 1341 1032 inge

144 1063 239 1116 minat.
254 1065 290 1115 lle
303 1069 405 1127 celero,
418 1064 531 1130 reliquis
553 1063 754 1127 recedentibus,
768 1077 817 1130 per
838 1065 941 1130 aliquot
959 1064 1019 1117 dies
1037 1064 1146 1117 meritis
1168 1066 1341 1132 praestantiore

144 1175 313 1229 remansere,
326 1164 373 1229 qui
393 1164 607 1216 sacratissimum
628 1176 727 1230 corpus
747 1164 833 1216 sancti
846 1163 927 1230 digno
942 1168 1091 1217 tractantes
1106 1165 1241 1231 obsequio
1259 1164 1338 1217 malit

144 1267 205 1315 sent
216 1262 333 1314 deferre.
348 1262 424 1315 Unde
440 1269 567 1329 suscepta
585 1264 754 1316 sanctissima
775 1263 852 1330 gleba
873 1264 932 1329 ejus
950 1263 1059 1315 decenti
1072 1263 1204 1318 vehiculo
1221 1277 1276 1317 curn
1289 1260 1337 1316 onn'

10 1364 86 1440 ¹cod.
142 1368 251 1415 nostrae
264 1369 363 1415 ornatu
384 1363 514 1416 ecclesiae
535 1364 656 1429 episcopi
677 1376 740 1416 cum
760 1363 844 1425 clero,
863 1363 1034 1416 sollemniter·
1056 1364 1168 1418 obviam
1190 1360 1361 1418 recurrendo¹ll

19 1429 120 1484 nenda
142 1462 281 1528 regulares
302 1463 405 1515 domiui
427 1476 488 1515 cum
511 1463 657 1516 monachili
671 1462 765 1528 choro,
779 1462 902 1515 defertur
923 1461 957 1514 ad
970 1462 1092 1515 loculum
1113 1465 1243 1529 pristinae
1252 1459 1332 1515 tunul-
1369 1519 1371 1538 Ι

142 1561 235 1627 lionis,
256 1564 449 1615 comitantibus
470 1563 592 1630 undique
615 1561 775 1615 multimoda
799 1576 861 1615 cum
885 1542 1063 1628 processione
1085 1563 1212 1617 civilibus
1230 1561 1332 1615 uruit

141 1675 212 1729 quae
224 1663 371 1715 advenisse
383 1665 527 1729 quiverant
538 1677 570 1714 ex
584 1662 708 1728 plebeiis.
722 1662 761 1714 ild
773 1675 856 1730 quem
867 1662 993 1715 videlicet
1004 1662 1097 1715 locum
1111 1664 1151 1716 sic
1163 1664 1280 1716 decentor
1287 1655 1330 1711 nd·

142 1767 234 1814 tumre
246 1763 387 1815 decentius
407 1775 489 1828 quam
509 1763 560 1814 fari
573 1776 629 1814 non
651 1775 796 1828 possumus
815 1762 1003 1826 advenientes,
1020 1768 1155 1829 tantoque
1170 1776 1229 1816 cum
1241 1761 1328 1813 tbcelil

141 1862 262 1916 studiose
275 1862 468 1929 ingredientes,
482 1864 543 1915 data
556 1864 673 1928 primum
687 1863 810 1915 oratione
831 1868 895 1914 ante
907 1862 992 1914 altare
1009 1862 1162 1915 salvatoris
1178 1860 1278 1925 bomini,
1287 1846 1349 1908 m!

139 1962 226 2028 jubilo
239 1968 420 2028 reposuerunt
432 1963 508 2014 illum
522 1963 712 2029 benignissimi
733 1968 824 2027 patres
837 1962 866 2013 in
879 1962 976 2013 cariori
990 1974 1073 2027 quam
1087 1963 1322 2027 perboneelcnrwl

142 2063 194 2115 leo.
204 2064 234 2113 ln
246 2074 301 2128 quo
313 2062 425 2128 quidem
439 2063 609 2127 operimento
623 2063 662 2113 sic
683 2060 782 2128 tegitur
794 2073 876 2126 quam
889 2065 1005 2113 venusto
1018 2067 1049 2112 ut
1066 2051 1321 2114 introeuntibusruit

142 2164 176 2214 sit
196 2162 350 2219 admiratio.
369 2162 434 2214 dum
454 2163 510 2214 suis
527 2162 682 2227 aspectibus
700 2160 820 2213 emicant
838 2159 1002 2213 nitidissimo
1020 2159 1135 2225 pretiosi
1154 2159 1249 2226 lapides
1264 2146 1320 2207 initi

141 2274 293 2315 cumauro.
307 2264 389 2315 Nobis
401 2267 489 2315 autem
503 2262 550 2328 qui
573 2260 732 2314 dulcissimo
753 2260 821 2313 tanti
834 2261 918 2326 patris
932 2259 1094 2326 frequenter
1112 2259 1241 2326 praesidio
1254 2250 1319 2307 νέω

21 2355 88 2409 cod.
142 2375 213 2426 mur,
227 2360 293 2413 dum
309 2363 336 2413 in
350 2367 526 2427 conspectum
546 2361 631 2426 ipsius
652 2361 754 2412 oraturi
768 2360 946 2426 ingredimur,
960 2362 1053 2412 muta·
1066 2360 1211 2413 confestim
1225 2338 1340 2410 alteim

0 2426 102 2474 Μ’
143 2461 290 2526 replemur,
311 2467 457 2527 tantusque
477 2460 574 2512 orandi
595 2458 708 2512 affectus
728 2465 932 2525 augmentatur,
946 2463 976 2510 ut
996 2458 1092 2511 nullus
1116 2458 1192 2511 locus
1210 2462 1256 2510 tm
1271 2442 1317 2504 ΝΒ

139 2564 228 2616 carior
237 2563 279 2614 rel
291 2560 459 2615 delectabilis
472 2562 604 2613 habeatur
615 2574 697 2627 quam
711 2560 764 2624 bic,
778 2560 806 2611 in
819 2572 873 2624 quo
886 2566 1011 2611 nostrum
1022 2559 1109 2611 decus
1122 2545 1318 2621 nostrumque&

2 2652 78 2707 ’θὶΰ-
140 2664 220 2717 dema
240 2668 294 2715 tam
308 2661 584 2715 bonorificentissime
606 2661 749 2713 retinetur.
762 2660 801 2712 lbi
825 2659 941 2712 sacrati·
954 2658 1141 2712 domunculae
1160 2643 1317 2715 mirabilisilL

136 2764 262 2816 cbritudo
273 2763 303 2813 in
318 2762 443 2828 precibus
464 2760 648 2826 prolixitatem
669 2760 800 2824 exposcit,
813 2759 851 2812 ibi
865 2759 997 2811 moeroris
1010 2759 1085 2810 anxii
1104 2757 1227 2811 nubilum
1236 2749 1318 2807 uacn'bl

136 2863 229 2915 inlusa
247 2861 368 2927 desuper
384 2861 492 2913 eminus
512 2858 634 2924 depellit,
648 2859 685 2911 ibi
708 2862 832 2910 reatuum
855 2870 942 2909 nexus
963 2857 1103 2911 miseratio
1122 2852 1273 2923 propitiatrix
1286 2834 1342 2898 diff

137 2962 217 3016 solvit
237 2968 265 3014 et
282 2974 297 3012 a
317 2966 392 3013 tanto
406 2960 529 3012 ministro
550 2959 658 3024 pietatis
678 2962 903 3024 recompensatur
926 2956 964 3008 ibi
977 2956 1106 3009 bravium
1118 2967 1237 3024 gemmae
1246 2945 1315 3003 saluis,

137 3061 248 3126 superni
268 3066 358 3112 tamen
371 3059 503 3126 largiente
515 3059 600 3126 gratia
613 3057 810 3123 Redemptoris,
824 3057 871 3123 qui
883 3057 1020 3109 bonorum
1029 3057 1155 3109 omnium
1170 3056 1229 3123 pius
1239 3047 1321 3116 lallifflb

136 3160 175 3212 sic
196 3160 301 3210 utinam
320 3157 481 3224 flagitetura
502 3157 583 3210 nobis
603 3162 632 3208 ul
653 3156 796 3209 subveniat
816 3152 987 3221 suffragator,
999 3155 1104 3221 detque
1116 3167 1132 3206 a
1144 3167 1193 3207 suo
1207 3144 1321 3205 felicissimi

136 3258 315 3325 corporaliter
327 3259 439 3311 alumno
451 3258 565 3310 Nartiali
578 3258 677 3322 insigni
700 3269 760 3321 nos,
773 3268 843 3322 quos
863 3255 910 3307 alil
927 3253 1048 3320 assidue,
1061 3268 1093 3308 se
1104 3255 1248 3321 opitulante
1254 3240 1320 3315 juno.

136 3360 264 3426 quatinus
282 3359 383 3425 quibus
403 3359 511 3410 diuinae
532 3357 597 3425 legis
617 3357 721 3422 primus
736 3355 825 3407 extitit
846 3354 1027 3419 eruditorum,
1041 3354 1076 3407 ad
1097 3365 1214 3420 superna
1233 3349 1321 3418 polum!

135 3457 339 3512 efficacissimus
359 3459 439 3510 etiam
458 3456 504 3509 fiat
522 3457 629 3521 ductor,
649 3463 676 3507 el
696 3456 731 3508 ab
755 3456 813 3520 ipso
836 3454 943 3505 Christo
967 3454 1084 3506 bomine
1108 3454 1203 3507 ascisci
1225 3461 1265 3518 per
1279 3450 1320 3496 a!

135 3570 289 3610 mereamur
301 3558 328 3608 in
341 3557 427 3624 gloria
448 3563 606 3609 sanctorum
624 3566 656 3606 ac
673 3555 732 3619 ejus
744 3553 890 3618 participes
906 3551 1018 3618 gloriari
1036 3564 1101 3604 cum
1123 3553 1188 3618 ipris
1203 3563 1247 3618 per
1259 3537 1321 3598 oul'u

134 3655 243 3709 saecula
256 3657 438 3709 saeculorum.
453 3657 548 3708 Amen.

614 3823 888 3833 -.-—.--——-

607 3841 890 3864 —
976 3850 986 3877 0

289 4062 573 4153 DGGGXXXII.
597 4063 723 4151 (lodex
743 4063 934 4174 signatus
954 4086 1069 4151 num.
1095 4060 1212 4150 1146.

169 4276 238 4328 Olim
258 4277 373 4329 loannis
387 4277 451 4330 Boni
463 4277 570 4328 comilis
584 4275 796 4342 Engolismensis
806 4275 850 4327 sel
862 4272 950 4327 Caroli
964 4272 1013 4326 lilii
1026 4275 1096 4340 eius,
1107 4274 1181 4341 quod
1191 4260 1325 4326 demonstat

137 4387 232 4428 eorurn
244 4383 349 4428 scutum
370 4375 539 4441 gentilicium
559 4373 701 4440 depictum
713 4374 762 4428 fol.
774 4375 819 4426 ω’
830 4374 872 4438 (ut
892 4372 994 4425 notant
1014 4372 1076 4425 clv.
1092 4374 1122 4426 L.
1135 4369 1247 4431 belismi,
1259 4365 1325 4432 poste

138 4476 200 4542 neg.
213 4476 243 4526 n.
257 4476 332 4540 stru,
346 4476 375 4526 a.
391 4476 462 4537 itte,
475 4475 504 4525 c.
517 4474 607 4538 uterq

171 4572 307 4626 l'olioruru
318 4576 361 4637 bl,
371 4574 442 4631 ruin
453 4575 510 4637 (θ’,
521 4572 683 4638 ittbxodl),
695 4570 831 4625 columnis
842 4569 927 4635 biuiS,
939 4574 1066 4622 exaratus
1077 4581 1148 4623 saec.
1162 4570 1213 4621 xl'.
1230 4579 1237 4593 ·
