3082 5498
198 332 291 396 aran.
309 346 393 397 nav.
413 346 530 397 rums.
548 367 594 377 —
609 345 763 397 arcano.
782 345 829 396 an
845 345 923 396 oon.
943 346 979 397 u.
998 347 1033 397 u.
1052 345 1129 398 arro.
1223 329 1290 398 499
1397 421 1400 427 Ι

85 510 117 556 2⁰
126 514 160 565 ilt
172 518 324 580 coeperunt
336 514 418 567 etiam
428 512 452 558 ¹¹
465 526 500 567 ex
520 518 587 567 tunc
608 514 755 568 multitudo
776 512 975 568 infirmantium
998 515 1032 568 ad
1045 516 1145 569 Gbrlsti
1159 515 1289 570 famulam

49 625 204 666 recurrere
225 626 274 680 pro
296 613 454 679 recipienda
474 613 600 666 sanitate.
623 614 726 666 Ancilla
746 617 837 667 autem
858 614 957 667 christi
979 626 1028 680 per
1048 615 1219 669 orationibus
1231 615 1289 667 suis

50 713 183 764 omnium
197 725 245 779 per
257 713 353 766 Christi
367 714 493 766 virtutem
505 713 667 786 restituebat
679 714 836 768 sanitatem.

91 813 144 864 15.
156 821 166 863 r
179 811 305 866 beinde²
316 811 481 869 succedente
494 813 638 866 intervallo
655 813 788 878 temporis
801 813 935 880 quaedam
948 813 1165 868 sanctimonialis
1177 813 1288 879 mulier,

10 912 31 963 5
51 911 173 964 nomine
186 911 352 979 baudolena‚
366 911 551 966 deterritorio
564 911 607 965 vel
626 911 695 964 urbe
713 913 844 977 butenae,
858 907 907 978 pe'r
924 913 1025 967 multos
1040 926 1155 967 annosa
1176 913 1287 966 daemo-

52 1011 113 1063 niis
127 1011 313 1078 torquebatur.
326 1013 450 1078 cumque
461 1011 495 1064 ad
508 1011 606 1064 Christi
620 1010 749 1064 famulam
770 1013 901 1078 venisset,
916 1013 1080 1077 provolvens
1098 1025 1128 1066 se
1147 1011 1181 1066 ad
1202 1012 1287 1079 pedes

52 1089 176 1163 ancillae
187 1111 296 1176 curisti,
310 1118 340 1164 ut
352 1124 401 1178 per
413 1112 471 1164 suls
483 1112 654 1164 orationibus
666 1124 681 1163 a
694 1112 792 1178 spiritu
804 1111 905 1165 diaboli
919 1113 1094 1166 liberaretur.
1107 1115 1182 1166 Tunc
1195 1117 1286 1167 autem

52 1209 158 1262 ancilla
168 1211 266 1263 Christi
279 1224 341 1264 cum
354 1212 412 1264 suis
424 1211 565 1264 sororibus
577 1210 611 1263 ad
623 1211 777 1265 orationem
790 1212 983 1279 prosternitur.
996 1213 1028 1264 lit
1040 1212 1092 1266 hoo
1104 1216 1210 1265 tantum
1219 1214 1286 1266 bora

53 1307 108 1360 iuit
119 1309 186 1362 dum
200 1309 247 1362 illa
259 1310 294 1363 ab
306 1311 430 1364 oratione
442 1311 571 1373 surrexit,
582 1311 678 1383 ¹statim
698 1310 791 1364 dlvlna
803 1311 890 1364 virtus
912 1311 1019 1364 bomini
1032 1311 1125 1375 voluit,
1138 1316 1166 1364 et
1184 1311 1285 1364 baudo-

10 1408 36 1460 vo
54 1407 120 1460 lena
131 1408 166 1461 ab
177 1409 319 1464 invasione
331 1410 435 1463 inimici
449 1409 563 1463 liberata
575 1415 626 1463 cst.
641 1410 770 1463 inimicus
790 1422 856 1463 vero
877 1408 1007 1478 lugatus³
1019 1410 1135 1464 ulterius
1153 1410 1286 1466 accedere

53 1507 90 1561 ad
103 1520 165 1561 eam
177 1508 267 1562 locum
280 1522 337 1563 non
349 1511 454 1563 invenlt
465 1516 486 1563 ⁴.
498 1511 596 1563 liulier
617 1510 663 1562 illa
677 1510 738 1562 talis
751 1507 848 1562 allecta
868 1515 910 1563 est
928 1523 994 1563 sana
1012 1510 1105 1563 anima
1116 1516 1143 1563 et
1160 1522 1285 1575 corpore,

52 1607 121 1672 quia
134 1609 162 1660 in
174 1608 250 1661 alia⁵
263 1609 308 1662 die
320 1614 464 1676 postquam
477 1610 512 1662 ab
524 1609 622 1676 spiritu
635 1609 736 1662 diaboli
751 1609 864 1662 liberata
878 1614 927 1672 est,
941 1621 990 1662 sua
1011 1609 1083 1663 bona
1101 1609 1242 1663 voluntate
1258 1613 1286 1661 et

52 1703 169 1756 cordis(¹
181 1706 223 1759 sui
236 1712 357 1760 mentem
376 1713 404 1760 et
415 1708 539 1774 corporis
552 1708 743 1761 indumentum
757 1708 881 1772 mutavit,
892 1712 919 1760 et
931 1707 1000 1760 lacta
1014 1707 1161 1781 estdevuta
1174 1706 1285 1773 Christi,

51 1804 122 1855 etin
134 1804 230 1858 eadem
243 1806 378 1859 coenobio
390 1813 485 1860 sancto
497 1812 625 1873 suscepta
637 1812 680 1859 est
700 1807 735 1858 ab
756 1806 856 1859 ancilla
872 1806 980 1872 christi,
1003 1813 1031 1860 et
1051 1806 1145 1873 ibique
1157 1806 1281 1859 serviens

10 1903 34 1956 lb
52 1903 162 1958 Christo
175 1905 280 1959 intenta
289 1906 403 1960 mente¹
416 1907 445 1960 in
456 1908 588 1972 operibus
597 1907 707 1972 borist,
719 1906 836 1973 ibique¹¹
847 1907 928 1959 viram
939 1919 1015 1960 suam
1027 1905 1123 1960 linivit.
1134 1906 1198 1970 Quis
1207 1906 1281 1958 enlm

51 2009 129 2058 tanta
146 2010 193 2058 aut
216 2005 281 2058 talia
302 2019 418 2060 munera
439 2021 585 2062 numerare
596 2006 620 2049 ¹⁰
633 2008 717 2075 possit
735 2008 881 2073 mirabilia,
896 2007 970 2075 quod
992 2021 1041 2074 per
1060 2006 1187 2060 ancillam
1206 2018 1283 2060 suam

49 2083 185 2158 Dominus
195 2106 323 2173 dignatus
335 2114 377 2161 est
389 2120 505 2175 operare
515 2107 536 2149 ¹¹
545 2111 557 2160 t
567 2107 620 2162 Sed
633 2114 725 2161 tamen
739 2120 825 2174 pauca
837 2107 872 2161 de
884 2108 1009 2174 pluribus
1019 2120 1164 2162 narramus
1173 2105 1199 2148 ¹²
1211 2108 1278 2162 cari·

49 2203 98 2255 tati
112 2207 229 2270 vestrae,
242 2210 272 2257 ul
285 2208 477 2274 unusquisque
488 2209 612 2260 animum
624 2205 647 2249 ¹3
659 2221 738 2261 suum
751 2207 835 2260 vellet
847 2206 880 2259 ad
891 2209 976 2260 beum
989 2207 1141 2261 accendere
1149 2205 1181 2259 ¹³.

84 2301 136 2352 10.
148 2300 157 2343 ¹
168 2303 306 2366 Quaedam
316 2305 425 2371 mulier,
436 2306 600 2374 begnoalda
610 2305 676 2358 dum
687 2306 768 2373 longo
777 2308 899 2371 tempore
907 2305 1026 2373 graviter
1036 2306 1072 2358 ab
1082 2305 1193 2359 inimico
1204 2318 1284 2359 vexa·

10 2400 31 2451 b
47 2406 136 2465 retur,
149 2407 178 2454 et
189 2403 233 2455 vix
244 2403 278 2456 ad
298 2405 482 2471 praesentiam
500 2406 616 2459 ancillae
629 2405 677 2458 bei
689 2405 806 2458 aliorum
817 2405 945 2458 manibus
957 2406 1154 2461 constrictamr
1166 2404 1282 2460 adduce-

47 2503 121 2565 rent,
134 2498 201 2553 dum
222 2508 313 2557 autem
333 2504 451 2559 adducta
462 2511 535 2559 esset
544 2504 566 2571 ³,
581 2518 646 2558 voce
665 2505 747 2558 llebili
765 2504 893 2558 ancillam
914 2505 961 2557 bei
983 2505 1170 2572 deprecabatr
1183 2512 1213 2559 ut
1225 2507 1282 2559 suis

47 2599 222 2653 orationibus
233 2615 316 2665 eam5
336 2603 474 2659 liberaret.
489 2607 562 2670 Quae
579 2606 678 2658 mulier
696 2607 791 2671 jacens
803 2618 852 2670 per
872 2603 964 2657 triduo
982 2605 1037 2670 lam
1057 2605 1201 2672 exanimis,
1214 2604 1284 2658 nibil

48 2695 249 2763 proficiscebar.
274 2704 349 2755 Tunc
370 2704 480 2770 quidem
502 2705 602 2771 aliquis
622 2704 707 2757 irater
730 2704 797 2757 dixit
817 2703 933 2756 ancillae
954 2704 1022 2757 bei:
1047 2704 1137 2758 Omni
1156 2704 1285 2758 animae

48 2795 302 2854 mesericordiam
313 2802 448 2870 imperat
457 2805 608 2857 Dominus
619 2801 776 2872 facerent
787 2802 1001 2870 unusquisque
1007 2816 1069 2870 pro
1083 2804 1284 2870 intimorum

10 2892 34 2948 b
49 2896 157 2950 solute
165 2898 260 2951 Deum
270 2904 470 2955 concreatura.
479 2903 626 2967 Proinde,
635 2902 757 2956 anciila
767 2903 832 2968 Dei,
842 2902 977 2968 depreca
986 2896 1153 2956 morinum
1161 2903 1286 2958 lesumr

53 2992 301 3066 ebristumopro
318 3001 380 3055 ista
400 3002 543 3067 muliere,
557 3005 592 3055 nt
603 3014 664 3069 per
676 3002 741 3055 tuis
763 3001 959 3056 mationibus
978 3014 1048 3056 eam
1066 3002 1212 3070 dipnetur
1223 3003 1285 3056 rat·

48 3104 127 3147 vare
135 3113 157 3153 a.
173 3098 240 3149 bum
253 3107 343 3152 autem
357 3103 456 3154 famula
468 3102 565 3154 Christi
577 3102 644 3154 llaec
659 3101 781 3154 audisset
793 3114 808 3153 a
822 3101 906 3153 iratre
918 3100 975 3167 illo,
987 3115 1048 3154 cum
1062 3101 1180 3155 lacrimis
1192 3102 1283 3155 abstu-

49 3191 81 3243 lit
90 3205 106 3245 a
115 3206 145 3246 se
155 3195 295 3265 cingulum
306 3201 380 3266 quod
391 3201 413 3244 ¹⁰
423 3206 481 3253 orat
491 3201 656 3266 praecincta,
668 3201 790 3253 strinxit
800 3199 1025 3252 mulieremillam
1037 3213 1108 3266 quae
1121 3202 1282 3266 patiebatur,

48 3295 77 3344 et
87 3292 221 3348 adhibitis
238 3310 330 3350 secum
352 3312 460 3352 sorores
473 3312 547 3364 suas,
560 3306 589 3352 ut
610 3314 659 3367 pro
680 3299 787 3352 inllrma
809 3299 915 3352 bomini
937 3298 1117 3365 deprecarent
1129 3299 1281 3354 misericor·

10 3388 34 3440 Ι)
49 3389 123 3444 diam
136 3391 168 3446 ¹¹.
183 3397 249 3447 curn
261 3400 350 3450 autem
364 3400 517 3452 orationem
540 3400 686 3453 funderent
697 3399 734 3452 ad
746 3399 891 3452 bominum
903 3396 935 3465 ¹²,
949 3401 1038 3451 statim
1052 3399 1150 3452 mulier
1161 3400 1196 3453 ab
1209 3400 1282 3453 inva-

48 3491 128 3545 sione
140 3493 244 3547 inimici
256 3495 357 3550 diaboli
371 3497 484 3551 liberata
497 3505 547 3551 cst.
563 3502 619 3563 Quo
629 3498 652 3541 ¹³
662 3505 753 3552 tamen
767 3500 812 3552 bei
823 3500 984 3552 famulabor
997 3499 1159 3551 miraculum
1173 3499 1281 3552 volebat

46 3590 229 3658 abscondere,
242 3594 294 3648 soli
306 3597 360 3648 beo
372 3595 454 3650 dabat
466 3598 585 3664 laudem,
598 3599 712 3665 gloriam
723 3596 747 3639 ¹4
759 3605 785 3651 et
798 3600 941 3651 bonorem.

45 3776 115 3820 -20
128 3779 172 3830 lill
186 3779 257 3832 odd.
274 3783 297 3830 l.
311 3806 343 3817 -
355 3779 380 3821 ²¹
388 3781 444 3846 jam
456 3784 481 3833 i.

78 3865 174 3916 Num.
187 3865 237 3917 15.
251 3891 282 3901 -
295 3859 304 3902 ¹
320 3865 375 3917 lllll
388 3865 461 3917 add.
478 3868 500 3918 i.
514 3893 546 3902 —
558 3863 571 3903 ²
585 3869 615 3918 lit
627 3864 729 3918 exinde
743 3867 768 3918 Ξ.
782 3864 838 3905 -3
851 3862 984 3931 eilirgatus
993 3868 1036 3916 est
1047 3864 1072 3916 2.
1085 3890 1118 3900 -
1130 3863 1143 3902 ⁴
1153 3862 1278 3925 (ulterius

43 3947 300 4011 -invenitlornlti,
315 3979 347 3990 -
357 3948 372 3989 ⁵
384 3953 421 4017 (q.
435 3951 463 4002 in
475 3952 512 4014 a.)
524 3951 552 4002 in
564 3963 590 4003 a.
613 3963 677 4004 vero
700 3953 724 4003 i.
737 3948 794 3989 -6
808 3948 891 4002 corde
902 3949 927 4001 2.
941 3947 998 3986 -1
1011 3961 1069 4002 orn.
1083 3948 1109 4000 2.
1123 3973 1154 3984 -
1164 3944 1179 3987 ⁸
1190 3947 1224 4010 (o.
1239 3946 1279 4010 b.)

42 4029 72 4084 b.
85 4042 111 4083 o.
127 4032 152 4082 Ξ.
165 4029 222 4070 -9
235 4031 263 4084 in
276 4033 371 4086 eadem
395 4033 528 4087 coenobio
550 4037 644 4086 sancto
663 4035 689 4085 2.
712 4061 742 4069 -
756 4031 780 4074 ¹¹
790 4037 837 4084 aut
851 4044 963 4084 narrare
984 4030 1059 4084 add.
1074 4031 1100 4082 2.
1114 4057 1147 4067 —
1158 4026 1181 4069 ¹¹
1194 4031 1233 4093 (b.
1248 4028 1276 4080 d.

42 4125 69 4166 e.
82 4111 161 4176 old.
174 4126 200 4165 e.
214 4125 239 4166 o.
253 4116 283 4166 b.
308 4116 334 4167 b.
355 4113 468 4182 -12lp
491 4115 526 4167 de
548 4115 585 4181 pl.
604 4118 643 4178 n.)
663 4113 698 4176 de
722 4113 839 4180 plurima
860 4113 903 4165 vel
927 4124 1013 4179 pauca
1035 4124 1179 4164 narremus
1200 4113 1225 4163 i.
1244 4138 1277 4147 -

41 4192 69 4236 ¹³
79 4195 214 4256 (animum
228 4223 238 4235 ·
251 4199 319 4261 acc.)
331 4197 431 4251 velleat
442 4197 506 4262 (sic)
518 4210 561 4250 an.
577 4211 599 4249 s.
613 4211 670 4250 aec.
684 4195 718 4249 ad
731 4199 761 4249 b.
775 4199 801 4250 2.

77 4276 171 4348 bium.
182 4278 232 4331 10.
241 4306 273 4316 -
287 4277 295 4319 ¹
311 4281 380 4331 xllll
394 4279 468 4332 add.
483 4282 507 4333 l.
521 4307 551 4318 -
563 4280 577 4319 ²
590 4280 738 4332 constricta
750 4282 775 4333 2.
788 4307 821 4316 -
832 4277 845 4319 ³
858 4284 898 4331 est
911 4280 936 4331 Ξ.
948 4306 979 4316 -
989 4278 1002 4315 ⁴
1014 4277 1044 4341 (l.
1058 4280 1120 4329 ab.
1134 4275 1173 4338 d.)
1185 4274 1275 4328 ilebile

38 4359 161 4414 ancillae
173 4361 219 4413 llei
232 4362 361 4427 precabat
373 4365 398 4416 2.
411 4391 444 4401 -
455 4364 468 4404 5
479 4364 517 4432 (o.
531 4365 567 4426 e.)
579 4376 603 4417 e.
619 4376 646 4415 o.
662 4362 791 4415 bominus
804 4364 828 4414 2.
844 4389 875 4399 —
888 4363 901 4403 6
913 4363 947 4425 (s.
961 4364 990 4413 b.
1005 4360 1042 4424 e.)
1055 4359 1170 4412 salutem
1184 4358 1272 4411 bomi-

37 4456 110 4497 num
135 4445 311 4496 excreturi.
334 4474 365 4482 -
378 4445 390 4484 7
403 4459 463 4499 om.
486 4449 511 4499 i.
535 4446 592 4485 —8
606 4448 688 4498 ileum
712 4450 837 4496 nostrum
858 4443 933 4495 add.
956 4444 981 4496 Ξ.
1003 4440 1061 4481 -9
1074 4453 1172 4493 sanare
1191 4442 1217 4493 2.
1242 4440 1292 4476 -'

38 4496 171 4591 aqna.
184 4553 216 4562 -
232 4527 253 4567 n
264 4526 303 4590 (a.
317 4528 365 4590 m.)
378 4542 415 4580 m.
430 4528 455 4580 o.
470 4529 495 4582 a.
509 4526 623 4593 -12(0.
639 4528 657 4581 s.
672 4526 706 4580 ao
719 4528 760 4592 o.)
771 4525 805 4579 ao
819 4529 849 4578 n.
865 4538 892 4580 o.
906 4523 1026 4577 runoum
1038 4530 1066 4576 ev
1077 4526 1102 4576 a.
1117 4550 1147 4560 -
1161 4520 1185 4562 1³
1197 4521 1274 4586 ouoo

35 4610 66 4662 2.
82 4637 117 4646 -
130 4604 154 4645 ¹⁴
164 4608 267 4675 gloriae
279 4611 305 4662 Ξ.
