<?xml version="1.0" encoding="UTF-8"?>
<!DOCTYPE html PUBLIC "-//W3C//DTD XHTML 1.0 Transitional//EN"
    "http://www.w3.org/TR/xhtml1/DTD/xhtml1-transitional.dtd">
<html xmlns="http://www.w3.org/1999/xhtml" xml:lang="en" lang="en">
 <head>
  <title>
</title>
<meta http-equiv="Content-Type" content="text/html;charset=utf-8" />
  <meta name='ocr-system' content='tesseract 3.04.00' />
  <meta name='ocr-capabilities' content='ocr_page ocr_carea ocr_par ocr_line ocrx_word'/>
</head>
<body>
  <div class='ocr_page' id='page_1' title='image "./cataloguscodicu00manugoog_0030.png"; bbox 0 0 3076 5498; ppageno 0'>
   <div class='ocr_carea' id='block_1_1' title="bbox 246 299 1289 368">
    <p class='ocr_par' dir='ltr' id='par_1_1' title="bbox 246 299 1289 368">
     <span class='ocr_line' id='line_1_1' title="bbox 246 299 1289 368; baseline 0.003 -6"><span class='ocrx_word' id='word_1_1' title='bbox 246 313 339 363; x_wconf 77' lang='lat' dir='ltr'><strong>sinu.</strong></span> <span class='ocrx_word' id='word_1_2' title='bbox 359 315 439 365; x_wconf 80' lang='lat' dir='ltr'><strong>nnn.</strong></span> <span class='ocrx_word' id='word_1_3' title='bbox 459 315 574 366; x_wconf 75' lang='lat' dir='ltr'><strong>ranis.</strong></span> <span class='ocrx_word' id='word_1_4' title='bbox 593 337 639 346; x_wconf 92' lang='lat'>-</span> <span class='ocrx_word' id='word_1_5' title='bbox 654 317 809 367; x_wconf 75' lang='lat' dir='ltr'><strong>anenno.</strong></span> <span class='ocrx_word' id='word_1_6' title='bbox 829 317 875 366; x_wconf 79' lang='lat' dir='ltr'><strong>nn</strong></span> <span class='ocrx_word' id='word_1_7' title='bbox 892 315 970 368; x_wconf 87' lang='lat' dir='ltr'><strong>coo.</strong></span> <span class='ocrx_word' id='word_1_8' title='bbox 992 314 1083 366; x_wconf 80' lang='lat' dir='ltr'><strong>rnre.</strong></span> <span class='ocrx_word' id='word_1_9' title='bbox 1247 299 1289 365; x_wconf 83' lang='lat'><strong>17</strong></span> 
     </span>
    </p>
   </div>
   <div class='ocr_carea' id='block_1_2' title="bbox 159 533 1196 625">
    <p class='ocr_par' dir='ltr' id='par_1_2' title="bbox 159 533 1196 625">
     <span class='ocr_line' id='line_1_2' title="bbox 159 533 1196 625; baseline 0.004 -26"><span class='ocrx_word' id='word_1_10' title='bbox 159 533 232 600; x_wconf 80' lang='lat' dir='ltr'><strong>Vim</strong></span> <span class='ocrx_word' id='word_1_11' title='bbox 257 533 292 600; x_wconf 84' lang='lat' dir='ltr'><strong>S.</strong></span> <span class='ocrx_word' id='word_1_12' title='bbox 318 535 459 601; x_wconf 80' lang='lat' dir='ltr'><strong>Jolnrus</strong></span> <span class='ocrx_word' id='word_1_13' title='bbox 486 535 725 602; x_wconf 82' lang='lat' dir='ltr'><strong>Cunrsosrour</strong></span> <span class='ocrx_word' id='word_1_14' title='bbox 748 535 834 621; x_wconf 84' lang='lat' dir='ltr'><strong>(Cir.</strong></span> <span class='ocrx_word' id='word_1_15' title='bbox 854 557 965 623; x_wconf 82' lang='lat' dir='ltr'><strong>supra,</strong></span> <span class='ocrx_word' id='word_1_16' title='bbox 985 558 1016 622; x_wconf 90' lang='lat' dir='ltr'><strong>p.</strong></span> <span class='ocrx_word' id='word_1_17' title='bbox 1041 537 1094 612; x_wconf 85' lang='lat'><strong>13.</strong></span> <span class='ocrx_word' id='word_1_18' title='bbox 1113 534 1196 625; x_wconf 81' lang='lat'><strong>38⁰).</strong></span> 
     </span>
    </p>
   </div>
   <div class='ocr_carea' id='block_1_3' title="bbox 50 744 1278 913">
    <p class='ocr_par' dir='ltr' id='par_1_3' title="bbox 50 744 1278 913">
     <span class='ocr_line' id='line_1_3' title="bbox 50 744 1278 832; baseline 0.007 -25"><span class='ocrx_word' id='word_1_19' title='bbox 50 744 190 820; x_wconf 78' lang='lat' dir='ltr'><strong>Incipit</strong></span> <span class='ocrx_word' id='word_1_20' title='bbox 201 750 380 822; x_wconf 74' lang='lat' dir='ltr'><strong>praemere</strong></span> <span class='ocrx_word' id='word_1_21' title='bbox 399 750 438 810; x_wconf 88' lang='lat' dir='ltr'><strong>ln</strong></span> <span class='ocrx_word' id='word_1_22' title='bbox 455 751 536 812; x_wconf 83' lang='lat' dir='ltr'><strong>vita</strong></span> <span class='ocrx_word' id='word_1_23' title='bbox 556 750 674 812; x_wconf 72' lang='lat' dir='ltr'><strong>meti</strong></span> <span class='ocrx_word' id='word_1_24' title='bbox 703 751 883 813; x_wconf 78' lang='lat' dir='ltr'><strong>Johunnls</strong></span> <span class='ocrx_word' id='word_1_25' title='bbox 904 751 1161 826; x_wconf 79' lang='lat' dir='ltr'><strong>chrysostomi,</strong></span> <span class='ocrx_word' id='word_1_26' title='bbox 1184 765 1278 832; x_wconf 78' lang='lat' dir='ltr'><strong>quse</strong></span> 
     </span>
     <span class='ocr_line' id='line_1_4' title="bbox 340 849 1016 913; baseline 0.001 -1"><span class='ocrx_word' id='word_1_27' title='bbox 340 849 513 912; x_wconf 83' lang='lat' dir='ltr'><strong>recolitur</strong></span> <span class='ocrx_word' id='word_1_28' title='bbox 530 852 607 912; x_wconf 72' lang='lat' dir='ltr'><strong>v1&#39;0</strong></span> <span class='ocrx_word' id='word_1_29' title='bbox 628 852 806 912; x_wconf 72' lang='lat' dir='ltr'><strong>kalendas</strong></span> <span class='ocrx_word' id='word_1_30' title='bbox 827 851 1016 913; x_wconf 79' lang='lat' dir='ltr'><strong>februarii.</strong></span> 
     </span>
    </p>
   </div>
   <div class='ocr_carea' id='block_1_4' title="bbox 10 1024 1319 3669">
    <p class='ocr_par' dir='ltr' id='par_1_4' title="bbox 10 1024 1319 3669">
     <span class='ocr_line' id='line_1_5' title="bbox 97 1024 1294 1097; baseline 0.004 -20"><span class='ocrx_word' id='word_1_31' title='bbox 97 1024 193 1080; x_wconf 85' lang='lat' dir='ltr'><strong>Sacrae</strong></span> <span class='ocrx_word' id='word_1_32' title='bbox 211 1027 351 1095; x_wconf 78' lang='lat' dir='ltr'><strong>dignitatis</strong></span> <span class='ocrx_word' id='word_1_33' title='bbox 369 1028 470 1080; x_wconf 90' lang='lat' dir='ltr'><strong>summi</strong></span> <span class='ocrx_word' id='word_1_34' title='bbox 487 1028 690 1095; x_wconf 76' lang='lat' dir='ltr'><strong>presbyteratus</strong></span> <span class='ocrx_word' id='word_1_35' title='bbox 705 1028 826 1082; x_wconf 90' lang='lat' dir='ltr'><strong>culmine</strong></span> <span class='ocrx_word' id='word_1_36' title='bbox 846 1029 994 1083; x_wconf 88' lang='lat' dir='ltr'><strong>sublimato</strong></span> <span class='ocrx_word' id='word_1_37' title='bbox 1007 1029 1075 1096; x_wconf 88' lang='lat' dir='ltr'><strong>viro,</strong></span> <span class='ocrx_word' id='word_1_38' title='bbox 1094 1029 1234 1097; x_wconf 92' lang='lat' dir='ltr'><strong>quondam</strong></span> <span class='ocrx_word' id='word_1_39' title='bbox 1246 1031 1294 1082; x_wconf 89' lang='lat' dir='ltr'><strong>lu·</strong></span> 
     </span>
     <span class='ocr_line' id='line_1_6' title="bbox 36 1121 1292 1197; baseline 0.005 -21"><span class='ocrx_word' id='word_1_40' title='bbox 36 1121 224 1193; x_wconf 66' lang='lat' dir='ltr'><strong>alienorum</strong></span> <span class='ocrx_word' id='word_1_41' title='bbox 237 1130 312 1194; x_wconf 80' lang='lat' dir='ltr'><strong>Lupo</strong></span> <span class='ocrx_word' id='word_1_42' title='bbox 324 1128 446 1192; x_wconf 91' lang='lat' dir='ltr'><strong>nomine,</strong></span> <span class='ocrx_word' id='word_1_43' title='bbox 458 1140 514 1181; x_wconf 91' lang='lat' dir='ltr'><strong>non</strong></span> <span class='ocrx_word' id='word_1_44' title='bbox 528 1129 623 1194; x_wconf 92' lang='lat' dir='ltr'><strong>iniquo</strong></span> <span class='ocrx_word' id='word_1_45' title='bbox 636 1134 699 1182; x_wconf 88' lang='lat' dir='ltr'><strong>actu</strong></span> <span class='ocrx_word' id='word_1_46' title='bbox 712 1129 859 1195; x_wconf 77' lang='lat' dir='ltr'>existente,</span> <span class='ocrx_word' id='word_1_47' title='bbox 872 1129 989 1196; x_wconf 85' lang='lat' dir='ltr'><strong>Leo,qui</strong></span> <span class='ocrx_word' id='word_1_48' title='bbox 1003 1133 1030 1182; x_wconf 88' lang='lat' dir='ltr'><strong>ei</strong></span> <span class='ocrx_word' id='word_1_49' title='bbox 1039 1129 1178 1183; x_wconf 86' lang='lat' dir='ltr'><strong>iohannes</strong></span> <span class='ocrx_word' id='word_1_50' title='bbox 1191 1141 1292 1197; x_wconf 79' lang='lat' dir='ltr'><strong>cogno·</strong></span> 
     </span>
     <span class='ocr_line' id='line_1_7' title="bbox 69 1223 1293 1294; baseline 0.006 -21"><span class='ocrx_word' id='word_1_51' title='bbox 69 1223 152 1292; x_wconf 89' lang='lat' dir='ltr'><strong>mine,</strong></span> <span class='ocrx_word' id='word_1_52' title='bbox 164 1227 254 1280; x_wconf 81' lang='lat' dir='ltr'><strong>infelix</strong></span> <span class='ocrx_word' id='word_1_53' title='bbox 267 1228 389 1280; x_wconf 85' lang='lat' dir='ltr'><strong>existens</strong></span> <span class='ocrx_word' id='word_1_54' title='bbox 401 1226 531 1289; x_wconf 85' lang='lat' dir='ltr'><strong>clericus,</strong></span> <span class='ocrx_word' id='word_1_55' title='bbox 545 1241 560 1280; x_wconf 91' lang='lat' dir='ltr'><strong>a</strong></span> <span class='ocrx_word' id='word_1_56' title='bbox 574 1228 681 1294; x_wconf 92' lang='lat' dir='ltr'><strong>propria</strong></span> <span class='ocrx_word' id='word_1_57' title='bbox 706 1228 821 1281; x_wconf 88' lang='lat' dir='ltr'><strong>infantia</strong></span> <span class='ocrx_word' id='word_1_58' title='bbox 840 1226 934 1282; x_wconf 82' lang='lat' dir='ltr'><strong>divino</strong></span> <span class='ocrx_word' id='word_1_59' title='bbox 951 1226 1055 1294; x_wconf 87' lang='lat' dir='ltr'><strong>judicio</strong></span> <span class='ocrx_word' id='word_1_60' title='bbox 1077 1228 1182 1281; x_wconf 89' lang='lat' dir='ltr'><strong>lumine</strong></span> <span class='ocrx_word' id='word_1_61' title='bbox 1192 1228 1293 1282; x_wconf 82' lang='lat' dir='ltr'><strong>visibili</strong></span> 
     </span>
     <span class='ocr_line' id='line_1_8' title="bbox 73 1328 1294 1395; baseline 0.004 -20"><span class='ocrx_word' id='word_1_62' title='bbox 73 1333 164 1378; x_wconf 77' lang='lat' dir='ltr'><strong>sarens</strong></span> <span class='ocrx_word' id='word_1_63' title='bbox 173 1339 203 1379; x_wconf 91' lang='lat' dir='ltr'><strong>ex</strong></span> <span class='ocrx_word' id='word_1_64' title='bbox 215 1332 281 1390; x_wconf 85' lang='lat' dir='ltr'><strong>toto,</strong></span> <span class='ocrx_word' id='word_1_65' title='bbox 296 1339 446 1393; x_wconf 87' lang='lat' dir='ltr'><strong>perennem</strong></span> <span class='ocrx_word' id='word_1_66' title='bbox 459 1331 557 1393; x_wconf 88' lang='lat' dir='ltr'><strong>optans</strong></span> <span class='ocrx_word' id='word_1_67' title='bbox 569 1328 598 1378; x_wconf 93' lang='lat' dir='ltr'><strong>in</strong></span> <span class='ocrx_word' id='word_1_68' title='bbox 612 1328 725 1380; x_wconf 88' lang='lat' dir='ltr'><strong>bomine</strong></span> <span class='ocrx_word' id='word_1_69' title='bbox 738 1328 863 1380; x_wconf 87' lang='lat' dir='ltr'><strong>salutem.</strong></span> <span class='ocrx_word' id='word_1_70' title='bbox 872 1328 1000 1382; x_wconf 80' lang='lat' dir='ltr'><strong>Actiones</strong></span> <span class='ocrx_word' id='word_1_71' title='bbox 1012 1328 1211 1395; x_wconf 81' lang='lat' dir='ltr'><strong>passionesque</strong></span> <span class='ocrx_word' id='word_1_72' title='bbox 1220 1328 1294 1381; x_wconf 92' lang='lat' dir='ltr'><strong>beati</strong></span> 
     </span>
     <span class='ocr_line' id='line_1_9' title="bbox 76 1420 1294 1492; baseline 0.004 -19"><span class='ocrx_word' id='word_1_73' title='bbox 76 1420 244 1490; x_wconf 74' lang='lat' dir='ltr'><strong>chrysostomi</strong></span> <span class='ocrx_word' id='word_1_74' title='bbox 255 1425 391 1479; x_wconf 81' lang='lat' dir='ltr'><strong>iohannis</strong></span> <span class='ocrx_word' id='word_1_75' title='bbox 412 1426 448 1479; x_wconf 95' lang='lat' dir='ltr'><strong>ab</strong></span> <span class='ocrx_word' id='word_1_76' title='bbox 469 1425 581 1479; x_wconf 87' lang='lat' dir='ltr'><strong>exordio</strong></span> <span class='ocrx_word' id='word_1_77' title='bbox 599 1438 687 1492; x_wconf 91' lang='lat' dir='ltr'><strong>usque</strong></span> <span class='ocrx_word' id='word_1_78' title='bbox 708 1425 742 1478; x_wconf 86' lang='lat' dir='ltr'><strong>ad</strong></span> <span class='ocrx_word' id='word_1_79' title='bbox 762 1425 912 1479; x_wconf 87' lang='lat' dir='ltr'><strong>terminum</strong></span> <span class='ocrx_word' id='word_1_80' title='bbox 933 1425 1004 1478; x_wconf 88' lang='lat' dir='ltr'><strong>ritae</strong></span> <span class='ocrx_word' id='word_1_81' title='bbox 1020 1427 1090 1492; x_wconf 74' lang='lat' dir='ltr'><strong>eius,</strong></span> <span class='ocrx_word' id='word_1_82' title='bbox 1112 1425 1161 1480; x_wconf 88' lang='lat' dir='ltr'><strong>sed</strong></span> <span class='ocrx_word' id='word_1_83' title='bbox 1182 1431 1209 1479; x_wconf 90' lang='lat' dir='ltr'><strong>et</strong></span> <span class='ocrx_word' id='word_1_84' title='bbox 1232 1430 1294 1492; x_wconf 91' lang='lat' dir='ltr'><strong>post</strong></span> 
     </span>
     <span class='ocr_line' id='line_1_10' title="bbox 79 1519 1293 1592; baseline 0.005 -20"><span class='ocrx_word' id='word_1_85' title='bbox 79 1519 171 1576; x_wconf 89' lang='lat' dir='ltr'><strong>obitum</strong></span> <span class='ocrx_word' id='word_1_86' title='bbox 180 1526 263 1591; x_wconf 91' lang='lat' dir='ltr'><strong>ipsius</strong></span> <span class='ocrx_word' id='word_1_87' title='bbox 273 1525 415 1592; x_wconf 88' lang='lat' dir='ltr'><strong>aliquanta</strong></span> <span class='ocrx_word' id='word_1_88' title='bbox 424 1525 459 1578; x_wconf 89' lang='lat' dir='ltr'><strong>de</strong></span> <span class='ocrx_word' id='word_1_89' title='bbox 470 1538 514 1591; x_wconf 89' lang='lat' dir='ltr'><strong>eo,</strong></span> <span class='ocrx_word' id='word_1_90' title='bbox 528 1538 563 1578; x_wconf 91' lang='lat' dir='ltr'><strong>ex</strong></span> <span class='ocrx_word' id='word_1_91' title='bbox 576 1537 674 1592; x_wconf 79' lang='lat' dir='ltr'><strong>graeca</strong></span> <span class='ocrx_word' id='word_1_92' title='bbox 687 1524 716 1577; x_wconf 92' lang='lat' dir='ltr'><strong>in</strong></span> <span class='ocrx_word' id='word_1_93' title='bbox 734 1524 847 1579; x_wconf 88' lang='lat' dir='ltr'><strong>latinam</strong></span> <span class='ocrx_word' id='word_1_94' title='bbox 870 1525 991 1592; x_wconf 80' lang='lat' dir='ltr'><strong>linguam</strong></span> <span class='ocrx_word' id='word_1_95' title='bbox 1011 1525 1113 1579; x_wconf 89' lang='lat' dir='ltr'><strong>deferri</strong></span> <span class='ocrx_word' id='word_1_96' title='bbox 1134 1524 1201 1578; x_wconf 91' lang='lat' dir='ltr'><strong>satis</strong></span> <span class='ocrx_word' id='word_1_97' title='bbox 1212 1524 1293 1578; x_wconf 88' lang='lat' dir='ltr'><strong>anxie</strong></span> 
     </span>
     <span class='ocr_line' id='line_1_11' title="bbox 42 1616 1295 1691; baseline 0 -17"><span class='ocrx_word' id='word_1_98' title='bbox 42 1616 67 1667; x_wconf 78' lang='lat'><strong>¹⁰</strong></span> <span class='ocrx_word' id='word_1_99' title='bbox 81 1622 201 1685; x_wconf 79' lang='lat' dir='ltr'><strong>quaesisti,</strong></span> <span class='ocrx_word' id='word_1_100' title='bbox 215 1636 286 1690; x_wconf 94' lang='lat' dir='ltr'><strong>quae</strong></span> <span class='ocrx_word' id='word_1_101' title='bbox 297 1628 326 1677; x_wconf 89' lang='lat' dir='ltr'><strong>et</strong></span> <span class='ocrx_word' id='word_1_102' title='bbox 337 1636 388 1690; x_wconf 75' lang='lat' dir='ltr'><strong>ego</strong></span> <span class='ocrx_word' id='word_1_103' title='bbox 401 1635 482 1677; x_wconf 91' lang='lat' dir='ltr'><strong>nosse</strong></span> <span class='ocrx_word' id='word_1_104' title='bbox 496 1636 559 1676; x_wconf 92' lang='lat' dir='ltr'><strong>cum</strong></span> <span class='ocrx_word' id='word_1_105' title='bbox 571 1623 726 1676; x_wconf 88' lang='lat' dir='ltr'><strong>innumeris</strong></span> <span class='ocrx_word' id='word_1_106' title='bbox 737 1623 900 1677; x_wconf 84' lang='lat' dir='ltr'><strong>sentiebam.</strong></span> <span class='ocrx_word' id='word_1_107' title='bbox 921 1623 975 1677; x_wconf 83' lang='lat' dir='ltr'><strong>sed</strong></span> <span class='ocrx_word' id='word_1_108' title='bbox 996 1623 1125 1691; x_wconf 88' lang='lat' dir='ltr'><strong>quamvis</strong></span> <span class='ocrx_word' id='word_1_109' title='bbox 1144 1623 1210 1677; x_wconf 85' lang='lat' dir='ltr'><strong>baec</strong></span> <span class='ocrx_word' id='word_1_110' title='bbox 1224 1622 1295 1676; x_wconf 92' lang='lat' dir='ltr'><strong>scire</strong></span> 
     </span>
     <span class='ocr_line' id='line_1_12' title="bbox 80 1719 1295 1789; baseline 0.003 -20"><span class='ocrx_word' id='word_1_111' title='bbox 80 1719 202 1774; x_wconf 75' lang='lat' dir='ltr'><strong>nobiscum</strong></span> <span class='ocrx_word' id='word_1_112' title='bbox 213 1721 309 1776; x_wconf 83' lang='lat' dir='ltr'><strong>aridus</strong></span> <span class='ocrx_word' id='word_1_113' title='bbox 321 1735 422 1787; x_wconf 91' lang='lat' dir='ltr'><strong>essem,</strong></span> <span class='ocrx_word' id='word_1_114' title='bbox 432 1735 465 1775; x_wconf 87' lang='lat' dir='ltr'><strong>ea</strong></span> <span class='ocrx_word' id='word_1_115' title='bbox 476 1726 569 1775; x_wconf 88' lang='lat' dir='ltr'><strong>tamen</strong></span> <span class='ocrx_word' id='word_1_116' title='bbox 581 1723 739 1789; x_wconf 89' lang='lat' dir='ltr'><strong>transferre,</strong></span> <span class='ocrx_word' id='word_1_117' title='bbox 748 1727 774 1775; x_wconf 91' lang='lat' dir='ltr'><strong>te</strong></span> <span class='ocrx_word' id='word_1_118' title='bbox 782 1722 905 1775; x_wconf 91' lang='lat' dir='ltr'><strong>crebroa</strong></span> <span class='ocrx_word' id='word_1_119' title='bbox 918 1735 962 1775; x_wconf 91' lang='lat' dir='ltr'><strong>me</strong></span> <span class='ocrx_word' id='word_1_120' title='bbox 971 1722 1126 1788; x_wconf 90' lang='lat' dir='ltr'><strong>postulante</strong></span> <span class='ocrx_word' id='word_1_121' title='bbox 1132 1728 1160 1775; x_wconf 89' lang='lat' dir='ltr'><strong>et</strong></span> <span class='ocrx_word' id='word_1_122' title='bbox 1168 1721 1295 1788; x_wconf 89' lang='lat' dir='ltr'><strong>plurimis</strong></span> 
     </span>
     <span class='ocr_line' id='line_1_13' title="bbox 81 1812 1294 1889; baseline 0.003 -20"><span class='ocrx_word' id='word_1_123' title='bbox 81 1812 132 1870; x_wconf 83' lang='lat' dir='ltr'><strong>hoe</strong></span> <span class='ocrx_word' id='word_1_124' title='bbox 140 1819 187 1874; x_wconf 86' lang='lat' dir='ltr'><strong>feri</strong></span> <span class='ocrx_word' id='word_1_125' title='bbox 198 1835 213 1874; x_wconf 92' lang='lat' dir='ltr'><strong>a</strong></span> <span class='ocrx_word' id='word_1_126' title='bbox 224 1836 268 1875; x_wconf 90' lang='lat' dir='ltr'><strong>me</strong></span> <span class='ocrx_word' id='word_1_127' title='bbox 280 1822 470 1888; x_wconf 86' lang='lat' dir='ltr'><strong>poscentibus,</strong></span> <span class='ocrx_word' id='word_1_128' title='bbox 483 1835 533 1888; x_wconf 92' lang='lat' dir='ltr'><strong>pro</strong></span> <span class='ocrx_word' id='word_1_129' title='bbox 546 1835 606 1874; x_wconf 92' lang='lat' dir='ltr'><strong>mea</strong></span> <span class='ocrx_word' id='word_1_130' title='bbox 620 1821 755 1888; x_wconf 90' lang='lat' dir='ltr'><strong>imperitia</strong></span> <span class='ocrx_word' id='word_1_131' title='bbox 765 1835 940 1889; x_wconf 81' lang='lat' dir='ltr'><strong>nequaquam</strong></span> <span class='ocrx_word' id='word_1_132' title='bbox 952 1821 1087 1875; x_wconf 83' lang='lat' dir='ltr'><strong>audebam</strong></span> <span class='ocrx_word' id='word_1_133' title='bbox 1104 1837 1111 1874; x_wconf 89' lang='lat'>:</span> <span class='ocrx_word' id='word_1_134' title='bbox 1124 1821 1153 1875; x_wconf 89' lang='lat' dir='ltr'><strong>id</strong></span> <span class='ocrx_word' id='word_1_135' title='bbox 1162 1821 1236 1875; x_wconf 90' lang='lat' dir='ltr'><strong>enim</strong></span> <span class='ocrx_word' id='word_1_136' title='bbox 1250 1834 1294 1874; x_wconf 89' lang='lat' dir='ltr'><strong>me</strong></span> 
     </span>
     <span class='ocr_line' id='line_1_14' title="bbox 81 1919 1293 1990; baseline 0 -18"><span class='ocrx_word' id='word_1_137' title='bbox 81 1925 153 1982; x_wconf 70' lang='lat' dir='ltr'><strong>agere</strong></span> <span class='ocrx_word' id='word_1_138' title='bbox 162 1919 285 1975; x_wconf 89' lang='lat' dir='ltr'><strong>idoneum</strong></span> <span class='ocrx_word' id='word_1_139' title='bbox 298 1922 411 1974; x_wconf 92' lang='lat' dir='ltr'><strong>minime</strong></span> <span class='ocrx_word' id='word_1_140' title='bbox 424 1922 481 1975; x_wconf 89' lang='lat' dir='ltr'><strong>fore</strong></span> <span class='ocrx_word' id='word_1_141' title='bbox 495 1934 635 1975; x_wconf 88' lang='lat' dir='ltr'><strong>noveram.</strong></span> <span class='ocrx_word' id='word_1_142' title='bbox 649 1921 767 1974; x_wconf 87' lang='lat' dir='ltr'><strong>verebar</strong></span> <span class='ocrx_word' id='word_1_143' title='bbox 779 1934 890 1989; x_wconf 91' lang='lat' dir='ltr'><strong>quoque</strong></span> <span class='ocrx_word' id='word_1_144' title='bbox 908 1935 943 1974; x_wconf 91' lang='lat' dir='ltr'><strong>ne</strong></span> <span class='ocrx_word' id='word_1_145' title='bbox 955 1921 1025 1975; x_wconf 92' lang='lat' dir='ltr'><strong>forte</strong></span> <span class='ocrx_word' id='word_1_146' title='bbox 1037 1922 1184 1990; x_wconf 84' lang='lat' dir='ltr'><strong>interpres,</strong></span> <span class='ocrx_word' id='word_1_147' title='bbox 1199 1934 1293 1989; x_wconf 90' lang='lat' dir='ltr'><strong>quam·</strong></span> 
     </span>
     <span class='ocr_line' id='line_1_15' title="bbox 80 2020 1291 2088; baseline 0.002 -17"><span class='ocrx_word' id='word_1_148' title='bbox 80 2026 154 2078; x_wconf 75' lang='lat' dir='ltr'><strong>quan</strong></span> <span class='ocrx_word' id='word_1_149' title='bbox 163 2020 274 2074; x_wconf 85' lang='lat' dir='ltr'><strong>disertus</strong></span> <span class='ocrx_word' id='word_1_150' title='bbox 294 2026 322 2074; x_wconf 92' lang='lat' dir='ltr'><strong>et</strong></span> <span class='ocrx_word' id='word_1_151' title='bbox 343 2021 508 2088; x_wconf 89' lang='lat' dir='ltr'><strong>prudensac</strong></span> <span class='ocrx_word' id='word_1_152' title='bbox 528 2021 628 2088; x_wconf 85' lang='lat' dir='ltr'><strong>loquax</strong></span> <span class='ocrx_word' id='word_1_153' title='bbox 649 2020 728 2084; x_wconf 91' lang='lat' dir='ltr'><strong>foret,</strong></span> <span class='ocrx_word' id='word_1_154' title='bbox 752 2022 873 2073; x_wconf 90' lang='lat' dir='ltr'><strong>humana</strong></span> <span class='ocrx_word' id='word_1_155' title='bbox 895 2029 987 2074; x_wconf 90' lang='lat' dir='ltr'><strong>tamen</strong></span> <span class='ocrx_word' id='word_1_156' title='bbox 1010 2021 1148 2075; x_wconf 86' lang='lat' dir='ltr'><strong>oblivione</strong></span> <span class='ocrx_word' id='word_1_157' title='bbox 1172 2021 1291 2088; x_wconf 90' lang='lat' dir='ltr'><strong>quadam</strong></span> 
     </span>
     <span class='ocr_line' id='line_1_16' title="bbox 46 2110 1289 2188; baseline -0.003 -12"><span class='ocrx_word' id='word_1_158' title='bbox 46 2110 247 2184; x_wconf 63' lang='lat' dir='ltr'><strong>ffirmepeditus</strong></span> <span class='ocrx_word' id='word_1_159' title='bbox 261 2122 330 2174; x_wconf 85' lang='lat' dir='ltr'><strong>haee</strong></span> <span class='ocrx_word' id='word_1_160' title='bbox 342 2121 459 2175; x_wconf 90' lang='lat' dir='ltr'><strong>obscura</strong></span> <span class='ocrx_word' id='word_1_161' title='bbox 471 2121 538 2172; x_wconf 91' lang='lat' dir='ltr'><strong>mihi</strong></span> <span class='ocrx_word' id='word_1_162' title='bbox 560 2121 760 2187; x_wconf 90' lang='lat' dir='ltr'><strong>aliquantulum</strong></span> <span class='ocrx_word' id='word_1_163' title='bbox 775 2121 1013 2187; x_wconf 83' lang='lat' dir='ltr'><strong>interpretaretur,</strong></span> <span class='ocrx_word' id='word_1_164' title='bbox 1036 2126 1063 2173; x_wconf 90' lang='lat' dir='ltr'><strong>et</strong></span> <span class='ocrx_word' id='word_1_165' title='bbox 1082 2134 1132 2188; x_wconf 77' lang='lat' dir='ltr'><strong>eqo</strong></span> <span class='ocrx_word' id='word_1_166' title='bbox 1150 2121 1186 2174; x_wconf 94' lang='lat' dir='ltr'><strong>ob</strong></span> <span class='ocrx_word' id='word_1_167' title='bbox 1199 2133 1289 2174; x_wconf 90' lang='lat' dir='ltr'><strong>meam</strong></span> 
     </span>
     <span class='ocr_line' id='line_1_17' title="bbox 83 2211 1292 2288; baseline 0.003 -22"><span class='ocrx_word' id='word_1_168' title='bbox 83 2211 180 2270; x_wconf 86' lang='lat' dir='ltr'><strong>nimiam</strong></span> <span class='ocrx_word' id='word_1_169' title='bbox 192 2226 344 2274; x_wconf 86' lang='lat' dir='ltr'><strong>exstantem</strong></span> <span class='ocrx_word' id='word_1_170' title='bbox 356 2221 520 2285; x_wconf 88' lang='lat' dir='ltr'><strong>imperitiam</strong></span> <span class='ocrx_word' id='word_1_171' title='bbox 534 2220 575 2271; x_wconf 84' lang='lat' dir='ltr'><strong>his</strong></span> <span class='ocrx_word' id='word_1_172' title='bbox 587 2219 689 2273; x_wconf 91' lang='lat' dir='ltr'><strong>erudiri</strong></span> <span class='ocrx_word' id='word_1_173' title='bbox 702 2226 732 2272; x_wconf 91' lang='lat' dir='ltr'><strong>ut</strong></span> <span class='ocrx_word' id='word_1_174' title='bbox 744 2226 906 2288; x_wconf 73' lang='lat' dir='ltr'><strong>congrueret</strong></span> <span class='ocrx_word' id='word_1_175' title='bbox 918 2219 1075 2287; x_wconf 86' lang='lat' dir='ltr'><strong>nequirem.</strong></span> <span class='ocrx_word' id='word_1_176' title='bbox 1093 2218 1145 2273; x_wconf 85' lang='lat' dir='ltr'><strong>Sed</strong></span> <span class='ocrx_word' id='word_1_177' title='bbox 1170 2218 1292 2285; x_wconf 89' lang='lat' dir='ltr'><strong>tandem,</strong></span> 
     </span>
     <span class='ocr_line' id='line_1_18' title="bbox 84 2310 1294 2387; baseline 0.006 -23"><span class='ocrx_word' id='word_1_178' title='bbox 84 2310 112 2360; x_wconf 79' lang='lat' dir='ltr'><strong>vi</strong></span> <span class='ocrx_word' id='word_1_179' title='bbox 125 2313 194 2371; x_wconf 87' lang='lat' dir='ltr'><strong>lirina</strong></span> <span class='ocrx_word' id='word_1_180' title='bbox 204 2318 409 2386; x_wconf 87' lang='lat' dir='ltr'><strong>quodammodo</strong></span> <span class='ocrx_word' id='word_1_181' title='bbox 421 2325 535 2387; x_wconf 79' lang='lat' dir='ltr'><strong>cogente</strong></span> <span class='ocrx_word' id='word_1_182' title='bbox 547 2324 574 2372; x_wconf 88' lang='lat' dir='ltr'><strong>et</strong></span> <span class='ocrx_word' id='word_1_183' title='bbox 587 2319 735 2386; x_wconf 90' lang='lat' dir='ltr'><strong>propriam,</strong></span> <span class='ocrx_word' id='word_1_184' title='bbox 748 2324 778 2371; x_wconf 93' lang='lat' dir='ltr'><strong>ut</strong></span> <span class='ocrx_word' id='word_1_185' title='bbox 789 2319 887 2372; x_wconf 91' lang='lat' dir='ltr'><strong>beatus</strong></span> <span class='ocrx_word' id='word_1_186' title='bbox 898 2318 1066 2387; x_wconf 78' lang='lat' dir='ltr'><strong>Augustinus</strong></span> <span class='ocrx_word' id='word_1_187' title='bbox 1077 2319 1125 2386; x_wconf 89' lang='lat' dir='ltr'><strong>ait,</strong></span> <span class='ocrx_word' id='word_1_188' title='bbox 1147 2319 1294 2372; x_wconf 85' lang='lat' dir='ltr'><strong>exhibente</strong></span> 
     </span>
     <span class='ocr_line' id='line_1_19' title="bbox 86 2405 1293 2485; baseline 0.002 -18"><span class='ocrx_word' id='word_1_189' title='bbox 86 2405 249 2478; x_wconf 69' lang='lat' dir='ltr'><strong>dignationem</strong></span> <span class='ocrx_word' id='word_1_190' title='bbox 262 2432 294 2471; x_wconf 91' lang='lat' dir='ltr'><strong>ac</strong></span> <span class='ocrx_word' id='word_1_191' title='bbox 306 2419 456 2485; x_wconf 88' lang='lat' dir='ltr'><strong>praebente</strong></span> <span class='ocrx_word' id='word_1_192' title='bbox 468 2418 640 2472; x_wconf 81' lang='lat' dir='ltr'><strong>occasionem</strong></span> <span class='ocrx_word' id='word_1_193' title='bbox 653 2424 754 2483; x_wconf 86' lang='lat' dir='ltr'><strong>aptam,</strong></span> <span class='ocrx_word' id='word_1_194' title='bbox 777 2418 953 2484; x_wconf 88' lang='lat' dir='ltr'><strong>precantibus</strong></span> <span class='ocrx_word' id='word_1_195' title='bbox 974 2418 1051 2472; x_wconf 88' lang='lat' dir='ltr'><strong>vobis</strong></span> <span class='ocrx_word' id='word_1_196' title='bbox 1072 2419 1186 2484; x_wconf 89' lang='lat' dir='ltr'><strong>praebui</strong></span> <span class='ocrx_word' id='word_1_197' title='bbox 1198 2430 1293 2471; x_wconf 88' lang='lat' dir='ltr'><strong>assen-</strong></span> 
     </span>
     <span class='ocr_line' id='line_1_20' title="bbox 10 2517 1293 2584; baseline 0.002 -16"><span class='ocrx_word' id='word_1_198' title='bbox 10 2548 14 2582; x_wconf 55' lang='lat'>5</span> <span class='ocrx_word' id='word_1_199' title='bbox 90 2517 151 2578; x_wconf 72' lang='lat' dir='ltr'><strong>sllio,</strong></span> <span class='ocrx_word' id='word_1_200' title='bbox 161 2525 192 2582; x_wconf 88' lang='lat' dir='ltr'><strong>et,</strong></span> <span class='ocrx_word' id='word_1_201' title='bbox 203 2524 283 2584; x_wconf 88' lang='lat' dir='ltr'><strong>prout</strong></span> <span class='ocrx_word' id='word_1_202' title='bbox 294 2519 371 2584; x_wconf 84' lang='lat' dir='ltr'><strong>quiri</strong></span> <span class='ocrx_word' id='word_1_203' title='bbox 383 2519 467 2571; x_wconf 87' lang='lat' dir='ltr'><strong>rerba</strong></span> <span class='ocrx_word' id='word_1_204' title='bbox 479 2519 685 2583; x_wconf 90' lang='lat' dir='ltr'><strong>interpretantis</strong></span> <span class='ocrx_word' id='word_1_205' title='bbox 697 2531 732 2571; x_wconf 90' lang='lat' dir='ltr'><strong>ex</strong></span> <span class='ocrx_word' id='word_1_206' title='bbox 753 2518 839 2571; x_wconf 90' lang='lat' dir='ltr'><strong>tribus</strong></span> <span class='ocrx_word' id='word_1_207' title='bbox 860 2518 1046 2571; x_wconf 86' lang='lat' dir='ltr'><strong>voluminibus</strong></span> <span class='ocrx_word' id='word_1_208' title='bbox 1065 2518 1150 2572; x_wconf 92' lang='lat' dir='ltr'><strong>multo</strong></span> <span class='ocrx_word' id='word_1_209' title='bbox 1170 2521 1293 2584; x_wconf 87' lang='lat' dir='ltr'><strong>ternpore</strong></span> 
     </span>
     <span class='ocr_line' id='line_1_21' title="bbox 10 2601 1319 2686; baseline -0.004 -12"><span class='ocrx_word' id='word_1_210' title='bbox 10 2649 15 2686; x_wconf 57' lang='lat'><em>2</em></span> <span class='ocrx_word' id='word_1_211' title='bbox 55 2601 78 2652; x_wconf 51' lang='grc' dir='ltr'>ω</span> <span class='ocrx_word' id='word_1_212' title='bbox 91 2614 178 2679; x_wconf 67' lang='lat' dir='ltr'><strong>ealem,</strong></span> <span class='ocrx_word' id='word_1_213' title='bbox 188 2629 216 2670; x_wconf 92' lang='lat' dir='ltr'><strong>ea</strong></span> <span class='ocrx_word' id='word_1_214' title='bbox 228 2618 329 2684; x_wconf 92' lang='lat' dir='ltr'><strong>quibus</strong></span> <span class='ocrx_word' id='word_1_215' title='bbox 342 2618 440 2670; x_wconf 91' lang='lat' dir='ltr'><strong>instrui</strong></span> <span class='ocrx_word' id='word_1_216' title='bbox 451 2616 580 2670; x_wconf 87' lang='lat' dir='ltr'><strong>ardenter</strong></span> <span class='ocrx_word' id='word_1_217' title='bbox 592 2618 780 2684; x_wconf 88' lang='lat' dir='ltr'><strong>cupiebamus,</strong></span> <span class='ocrx_word' id='word_1_218' title='bbox 794 2617 917 2671; x_wconf 92' lang='lat' dir='ltr'><strong>libellum</strong></span> <span class='ocrx_word' id='word_1_219' title='bbox 930 2630 966 2670; x_wconf 86' lang='lat' dir='ltr'><strong>ex</strong></span> <span class='ocrx_word' id='word_1_220' title='bbox 979 2617 1018 2670; x_wconf 91' lang='lat' dir='ltr'><strong>eis</strong></span> <span class='ocrx_word' id='word_1_221' title='bbox 1032 2617 1157 2684; x_wconf 81' lang='lat' dir='ltr'><strong>quamvis</strong></span> <span class='ocrx_word' id='word_1_222' title='bbox 1168 2617 1294 2682; x_wconf 89' lang='lat' dir='ltr'><strong>imperito</strong></span> <span class='ocrx_word' id='word_1_223' title='bbox 1315 2652 1319 2660; x_wconf 84' lang='lat'><em>-</em></span> 
     </span>
     <span class='ocr_line' id='line_1_22' title="bbox 10 2714 1294 2787; baseline 0.006 -26"><span class='ocrx_word' id='word_1_224' title='bbox 10 2747 19 2787; x_wconf 35' lang='grc' dir='ltr'>ᾖ</span> <span class='ocrx_word' id='word_1_225' title='bbox 97 2714 197 2767; x_wconf 71' lang='lat' dir='ltr'><strong>Seruum</strong></span> <span class='ocrx_word' id='word_1_226' title='bbox 205 2717 344 2769; x_wconf 89' lang='lat' dir='ltr'><strong>contexui.</strong></span> <span class='ocrx_word' id='word_1_227' title='bbox 357 2715 433 2779; x_wconf 83' lang='lat' dir='ltr'><strong>Quod</strong></span> <span class='ocrx_word' id='word_1_228' title='bbox 446 2728 510 2768; x_wconf 79' lang='lat' dir='ltr'><strong>uero</strong></span> <span class='ocrx_word' id='word_1_229' title='bbox 523 2728 557 2768; x_wconf 90' lang='lat' dir='ltr'><strong>ne</strong></span> <span class='ocrx_word' id='word_1_230' title='bbox 568 2714 705 2768; x_wconf 87' lang='lat' dir='ltr'><strong>accideret</strong></span> <span class='ocrx_word' id='word_1_231' title='bbox 717 2714 935 2782; x_wconf 82' lang='lat' dir='ltr'><strong>formidaveram,</strong></span> <span class='ocrx_word' id='word_1_232' title='bbox 949 2715 1148 2782; x_wconf 89' lang='lat' dir='ltr'><strong>aliquantulum</strong></span> <span class='ocrx_word' id='word_1_233' title='bbox 1161 2715 1259 2785; x_wconf 85' lang='lat' dir='ltr'><strong>accidit</strong></span> <span class='ocrx_word' id='word_1_234' title='bbox 1268 2721 1294 2769; x_wconf 91' lang='lat' dir='ltr'><strong>te</strong></span> 
     </span>
     <span class='ocr_line' id='line_1_23' title="bbox 10 2789 1294 2880; baseline 0.002 -18"><span class='ocrx_word' id='word_1_235' title='bbox 10 2789 12 2799; x_wconf 48' lang='lat'>¹</span> <span class='ocrx_word' id='word_1_236' title='bbox 100 2812 259 2875; x_wconf 79' lang='lat' dir='ltr'><strong>respiciente.</strong></span> <span class='ocrx_word' id='word_1_237' title='bbox 279 2815 461 2879; x_wconf 81' lang='lat' dir='ltr'><strong>Quamobrem</strong></span> <span class='ocrx_word' id='word_1_238' title='bbox 492 2814 605 2880; x_wconf 86' lang='lat' dir='ltr'><strong>praefati</strong></span> <span class='ocrx_word' id='word_1_239' title='bbox 626 2814 792 2879; x_wconf 90' lang='lat' dir='ltr'><strong>interpretis,</strong></span> <span class='ocrx_word' id='word_1_240' title='bbox 811 2814 997 2880; x_wconf 86' lang='lat' dir='ltr'><strong>christophori</strong></span> <span class='ocrx_word' id='word_1_241' title='bbox 1018 2814 1123 2867; x_wconf 88' lang='lat' dir='ltr'><strong>scilicet</strong></span> <span class='ocrx_word' id='word_1_242' title='bbox 1149 2813 1294 2869; x_wconf 81' lang='lat' dir='ltr'><strong>reverendi</strong></span> 
     </span>
     <span class='ocr_line' id='line_1_24' title="bbox 103 2909 1295 2980; baseline 0.006 -20.421"><span class='ocrx_word' id='word_1_243' title='bbox 103 2909 227 2975; x_wconf 63' lang='lat' dir='ltr'><strong>sordetis,</strong></span> <span class='ocrx_word' id='word_1_244' title='bbox 241 2926 289 2980; x_wconf 90' lang='lat' dir='ltr'><strong>per</strong></span> <span class='ocrx_word' id='word_1_245' title='bbox 301 2920 388 2967; x_wconf 88' lang='lat' dir='ltr'><strong>totum</strong></span> <span class='ocrx_word' id='word_1_246' title='bbox 402 2913 541 2978; x_wconf 81' lang='lat' dir='ltr'><strong>rolumen,</strong></span> <span class='ocrx_word' id='word_1_247' title='bbox 555 2926 616 2966; x_wconf 90' lang='lat' dir='ltr'><strong>curn</strong></span> <span class='ocrx_word' id='word_1_248' title='bbox 640 2912 706 2964; x_wconf 91' lang='lat' dir='ltr'><strong>illud</strong></span> <span class='ocrx_word' id='word_1_249' title='bbox 726 2912 847 2975; x_wconf 87' lang='lat' dir='ltr'><strong>ederem,</strong></span> <span class='ocrx_word' id='word_1_250' title='bbox 871 2912 964 2964; x_wconf 91' lang='lat' dir='ltr'><strong>addidi</strong></span> <span class='ocrx_word' id='word_1_251' title='bbox 986 2927 1021 2965; x_wconf 91' lang='lat' dir='ltr'><strong>ex</strong></span> <span class='ocrx_word' id='word_1_252' title='bbox 1037 2921 1129 2966; x_wconf 90' lang='lat' dir='ltr'><strong>mente</strong></span> <span class='ocrx_word' id='word_1_253' title='bbox 1148 2919 1175 2966; x_wconf 91' lang='lat' dir='ltr'><strong>ct</strong></span> <span class='ocrx_word' id='word_1_254' title='bbox 1189 2915 1295 2967; x_wconf 89' lang='lat' dir='ltr'><strong>ratione</strong></span> 
     </span>
     <span class='ocr_line' id='line_1_25' title="bbox 10 2992 1294 3079; baseline 0.002 -18"><span class='ocrx_word' id='word_1_255' title='bbox 10 3037 24 3076; x_wconf 64' lang='lat'><strong>1&lt;</strong></span> <span class='ocrx_word' id='word_1_256' title='bbox 105 3010 182 3070; x_wconf 83' lang='lat' dir='ltr'><strong>lopria</strong></span> <span class='ocrx_word' id='word_1_257' title='bbox 193 3013 334 3065; x_wconf 90' lang='lat' dir='ltr'><strong>innumera</strong></span> <span class='ocrx_word' id='word_1_258' title='bbox 347 3013 440 3072; x_wconf 85' lang='lat' dir='ltr'><strong>rerba.</strong></span> <span class='ocrx_word' id='word_1_259' title='bbox 453 3026 523 3078; x_wconf 89' lang='lat' dir='ltr'><strong>quae</strong></span> <span class='ocrx_word' id='word_1_260' title='bbox 531 3025 651 3079; x_wconf 79' lang='lat' dir='ltr'><strong>congrua</strong></span> <span class='ocrx_word' id='word_1_261' title='bbox 664 3013 730 3063; x_wconf 93' lang='lat' dir='ltr'><strong>mihi</strong></span> <span class='ocrx_word' id='word_1_262' title='bbox 743 3012 800 3064; x_wconf 83' lang='lat' dir='ltr'><strong>visa</strong></span> <span class='ocrx_word' id='word_1_263' title='bbox 812 3012 919 3065; x_wconf 90' lang='lat' dir='ltr'><strong>suntad</strong></span> <span class='ocrx_word' id='word_1_264' title='bbox 930 2992 1123 3065; x_wconf 87' lang='lat' dir='ltr'><strong>ornamentum</strong></span> <span class='ocrx_word' id='word_1_265' title='bbox 1134 3013 1233 3066; x_wconf 82' lang='lat' dir='ltr'><strong>favoris</strong></span> <span class='ocrx_word' id='word_1_266' title='bbox 1244 3013 1294 3065; x_wconf 88' lang='lat' dir='ltr'><strong>Dei</strong></span> 
     </span>
     <span class='ocr_line' id='line_1_26' title="bbox 16 3093 1294 3178; baseline 0.009 -25"><span class='ocrx_word' id='word_1_267' title='bbox 16 3136 18 3140; x_wconf 91' lang='lat'>-</span> <span class='ocrx_word' id='word_1_268' title='bbox 71 3093 96 3145; x_wconf 59' lang='grc' dir='ltr'>ὅ</span> <span class='ocrx_word' id='word_1_269' title='bbox 107 3109 210 3175; x_wconf 70' lang='lat' dir='ltr'><strong>ducique</strong></span> <span class='ocrx_word' id='word_1_270' title='bbox 222 3112 355 3165; x_wconf 85' lang='lat' dir='ltr'><strong>lobannis</strong></span> <span class='ocrx_word' id='word_1_271' title='bbox 367 3117 394 3164; x_wconf 92' lang='lat' dir='ltr'><strong>et</strong></span> <span class='ocrx_word' id='word_1_272' title='bbox 406 3113 440 3164; x_wconf 91' lang='lat' dir='ltr'><strong>ad</strong></span> <span class='ocrx_word' id='word_1_273' title='bbox 454 3111 660 3177; x_wconf 87' lang='lat' dir='ltr'><strong>deprecandum</strong></span> <span class='ocrx_word' id='word_1_274' title='bbox 673 3112 791 3164; x_wconf 89' lang='lat' dir='ltr'><strong>eundem</strong></span> <span class='ocrx_word' id='word_1_275' title='bbox 811 3125 842 3163; x_wconf 91' lang='lat' dir='ltr'><strong>ac</strong></span> <span class='ocrx_word' id='word_1_276' title='bbox 863 3111 1070 3177; x_wconf 77' lang='lat' dir='ltr'><strong>vituperandam</strong></span> <span class='ocrx_word' id='word_1_277' title='bbox 1094 3113 1294 3178; x_wconf 86' lang='lat' dir='ltr'><strong>imperatricem</strong></span> 
     </span>
     <span class='ocr_line' id='line_1_27' title="bbox 109 3193 1295 3276; baseline 0.005 -22.466"><span class='ocrx_word' id='word_1_278' title='bbox 109 3193 312 3265; x_wconf 82' lang='lat' dir='ltr'><strong>hujusinimieam.</strong></span> <span class='ocrx_word' id='word_1_279' title='bbox 326 3210 445 3262; x_wconf 89' lang='lat' dir='ltr'><strong>Plurima</strong></span> <span class='ocrx_word' id='word_1_280' title='bbox 458 3216 561 3270; x_wconf 88' lang='lat' dir='ltr'><strong>tamen,</strong></span> <span class='ocrx_word' id='word_1_281' title='bbox 574 3223 645 3275; x_wconf 87' lang='lat' dir='ltr'><strong>quae</strong></span> <span class='ocrx_word' id='word_1_282' title='bbox 667 3210 700 3261; x_wconf 88' lang='lat' dir='ltr'><strong>ab</strong></span> <span class='ocrx_word' id='word_1_283' title='bbox 723 3208 871 3275; x_wconf 88' lang='lat' dir='ltr'><strong>interprete</strong></span> <span class='ocrx_word' id='word_1_284' title='bbox 893 3209 926 3262; x_wconf 89' lang='lat' dir='ltr'><strong>ad</strong></span> <span class='ocrx_word' id='word_1_285' title='bbox 949 3210 1070 3276; x_wconf 89' lang='lat' dir='ltr'><strong>plenum,</strong></span> <span class='ocrx_word' id='word_1_286' title='bbox 1084 3216 1114 3262; x_wconf 91' lang='lat' dir='ltr'><strong>ut</strong></span> <span class='ocrx_word' id='word_1_287' title='bbox 1126 3223 1155 3262; x_wconf 89' lang='lat' dir='ltr'><strong>se</strong></span> <span class='ocrx_word' id='word_1_288' title='bbox 1168 3210 1295 3274; x_wconf 87' lang='lat' dir='ltr'><strong>babebai,</strong></span> 
     </span>
     <span class='ocr_line' id='line_1_28' title="bbox 109 3294 1296 3377; baseline 0.013 -33"><span class='ocrx_word' id='word_1_289' title='bbox 109 3294 157 3354; x_wconf 81' lang='lat' dir='ltr'><strong>dicta</strong></span> <span class='ocrx_word' id='word_1_290' title='bbox 170 3315 233 3377; x_wconf 84' lang='lat' dir='ltr'><strong>sunt,</strong></span> <span class='ocrx_word' id='word_1_291' title='bbox 255 3316 367 3375; x_wconf 91' lang='lat' dir='ltr'><strong>propter</strong></span> <span class='ocrx_word' id='word_1_292' title='bbox 389 3309 526 3362; x_wconf 84' lang='lat' dir='ltr'><strong>fastidium</strong></span> <span class='ocrx_word' id='word_1_293' title='bbox 550 3310 698 3376; x_wconf 80' lang='lat' dir='ltr'><strong>legentium</strong></span> <span class='ocrx_word' id='word_1_294' title='bbox 716 3324 764 3362; x_wconf 89' lang='lat' dir='ltr'><strong>seu</strong></span> <span class='ocrx_word' id='word_1_295' title='bbox 785 3309 956 3362; x_wconf 89' lang='lat' dir='ltr'><strong>audientium</strong></span> <span class='ocrx_word' id='word_1_296' title='bbox 977 3310 1156 3376; x_wconf 88' lang='lat' dir='ltr'><strong>praetermisi.</strong></span> <span class='ocrx_word' id='word_1_297' title='bbox 1175 3309 1296 3362; x_wconf 82' lang='lat' dir='ltr'><strong>iudicari</strong></span> 
     </span>
     <span class='ocr_line' id='line_1_29' title="bbox 110 3398 1296 3471; baseline 0.013 -28"><span class='ocrx_word' id='word_1_298' title='bbox 110 3398 159 3451; x_wconf 85' lang='lat' dir='ltr'><strong>enin</strong></span> <span class='ocrx_word' id='word_1_299' title='bbox 174 3408 237 3471; x_wconf 92' lang='lat' dir='ltr'><strong>quod</strong></span> <span class='ocrx_word' id='word_1_300' title='bbox 257 3407 394 3460; x_wconf 87' lang='lat' dir='ltr'><strong>sulllcerci</strong></span> <span class='ocrx_word' id='word_1_301' title='bbox 417 3408 583 3459; x_wconf 86' lang='lat' dir='ltr'><strong>excellentia</strong></span> <span class='ocrx_word' id='word_1_302' title='bbox 604 3415 708 3460; x_wconf 86' lang='lat' dir='ltr'><strong>tantum</strong></span> <span class='ocrx_word' id='word_1_303' title='bbox 731 3414 795 3461; x_wconf 90' lang='lat' dir='ltr'><strong>nota</strong></span> <span class='ocrx_word' id='word_1_304' title='bbox 819 3422 878 3460; x_wconf 89' lang='lat' dir='ltr'><strong>csse</strong></span> <span class='ocrx_word' id='word_1_305' title='bbox 901 3408 934 3460; x_wconf 88' lang='lat' dir='ltr'><strong>ad</strong></span> <span class='ocrx_word' id='word_1_306' title='bbox 957 3408 1122 3461; x_wconf 87' lang='lat' dir='ltr'><strong>declaranda</strong></span> <span class='ocrx_word' id='word_1_307' title='bbox 1140 3409 1230 3461; x_wconf 87' lang='lat' dir='ltr'><strong>eximii</strong></span> <span class='ocrx_word' id='word_1_308' title='bbox 1244 3408 1296 3460; x_wconf 85' lang='lat' dir='ltr'><strong>viri</strong></span> 
     </span>
     <span class='ocr_line' id='line_1_30' title="bbox 110 3493 1297 3572; baseline 0.007 -24"><span class='ocrx_word' id='word_1_309' title='bbox 110 3493 204 3555; x_wconf 80' lang='lat' dir='ltr'><strong>lobonis</strong></span> <span class='ocrx_word' id='word_1_310' title='bbox 214 3508 310 3558; x_wconf 89' lang='lat' dir='ltr'><strong>merita</strong></span> <span class='ocrx_word' id='word_1_311' title='bbox 323 3519 404 3558; x_wconf 88' lang='lat' dir='ltr'><strong>nosse</strong></span> <span class='ocrx_word' id='word_1_312' title='bbox 416 3505 646 3557; x_wconf 86' lang='lat' dir='ltr'><strong>desiderantibus.</strong></span> <span class='ocrx_word' id='word_1_313' title='bbox 663 3508 682 3556; x_wconf 82' lang='lat' dir='ltr'><strong>li</strong></span> <span class='ocrx_word' id='word_1_314' title='bbox 695 3507 794 3571; x_wconf 90' lang='lat' dir='ltr'><strong>quibus</strong></span> <span class='ocrx_word' id='word_1_315' title='bbox 804 3507 880 3558; x_wconf 87' lang='lat' dir='ltr'><strong>factis</strong></span> <span class='ocrx_word' id='word_1_316' title='bbox 890 3508 1098 3559; x_wconf 85' lang='lat' dir='ltr'><strong>sermonibusve</strong></span> <span class='ocrx_word' id='word_1_317' title='bbox 1108 3507 1225 3572; x_wconf 92' lang='lat' dir='ltr'><strong>propriis</strong></span> <span class='ocrx_word' id='word_1_318' title='bbox 1238 3507 1297 3557; x_wconf 93' lang='lat' dir='ltr'><strong>uni·</strong></span> 
     </span>
     <span class='ocr_line' id='line_1_31' title="bbox 73 3589 1297 3669; baseline 0.015 -32"><span class='ocrx_word' id='word_1_319' title='bbox 73 3589 101 3638; x_wconf 77' lang='lat' dir='ltr'><strong>io</strong></span> <span class='ocrx_word' id='word_1_320' title='bbox 111 3598 169 3649; x_wconf 84' lang='lat' dir='ltr'><strong>renis</strong></span> <span class='ocrx_word' id='word_1_321' title='bbox 179 3615 191 3653; x_wconf 88' lang='lat' dir='ltr'><strong>a</strong></span> <span class='ocrx_word' id='word_1_322' title='bbox 202 3606 317 3666; x_wconf 87' lang='lat' dir='ltr'><strong>nemine,</strong></span> <span class='ocrx_word' id='word_1_323' title='bbox 330 3609 361 3656; x_wconf 90' lang='lat' dir='ltr'><strong>ut</strong></span> <span class='ocrx_word' id='word_1_324' title='bbox 374 3618 444 3669; x_wconf 90' lang='lat' dir='ltr'><strong>reor,</strong></span> <span class='ocrx_word' id='word_1_325' title='bbox 458 3604 545 3657; x_wconf 89' lang='lat' dir='ltr'><strong>debeo</strong></span> <span class='ocrx_word' id='word_1_326' title='bbox 556 3605 698 3669; x_wconf 73' lang='lat' dir='ltr'><strong>depravari</strong></span> <span class='ocrx_word' id='word_1_327' title='bbox 713 3622 720 3656; x_wconf 91' lang='lat'>:</span> <span class='ocrx_word' id='word_1_328' title='bbox 744 3619 806 3656; x_wconf 89' lang='lat' dir='ltr'><strong>nam</strong></span> <span class='ocrx_word' id='word_1_329' title='bbox 830 3607 887 3658; x_wconf 89' lang='lat' dir='ltr'><strong>fere</strong></span> <span class='ocrx_word' id='word_1_330' title='bbox 910 3619 1006 3658; x_wconf 90' lang='lat' dir='ltr'><strong>omnes</strong></span> <span class='ocrx_word' id='word_1_331' title='bbox 1018 3606 1108 3658; x_wconf 90' lang='lat' dir='ltr'><strong>cuncti</strong></span> <span class='ocrx_word' id='word_1_332' title='bbox 1122 3605 1297 3657; x_wconf 84' lang='lat' dir='ltr'><strong>structissimi</strong></span> 
     </span>
    </p>
   </div>
   <div class='ocr_carea' id='block_1_5' title="bbox 112 3801 1300 4067">
    <p class='ocr_par' dir='ltr' id='par_1_5' title="bbox 112 3801 1300 4067">
     <span class='ocr_line' id='line_1_32' title="bbox 112 3801 1300 3871; baseline 0.013 -31"><span class='ocrx_word' id='word_1_333' title='bbox 112 3801 164 3859; x_wconf 77' lang='lat' dir='ltr'><strong>runi,</strong></span> <span class='ocrx_word' id='word_1_334' title='bbox 173 3801 189 3850; x_wconf 89' lang='lat' dir='ltr'><strong>si</strong></span> <span class='ocrx_word' id='word_1_335' title='bbox 198 3802 336 3871; x_wconf 82' lang='lat' dir='ltr'><strong>diligenter</strong></span> <span class='ocrx_word' id='word_1_336' title='bbox 346 3805 463 3870; x_wconf 91' lang='lat' dir='ltr'><strong>quisquc</strong></span> <span class='ocrx_word' id='word_1_337' title='bbox 477 3810 620 3855; x_wconf 86' lang='lat' dir='ltr'><strong>scrutetur.</strong></span> <span class='ocrx_word' id='word_1_338' title='bbox 635 3804 814 3869; x_wconf 87' lang='lat' dir='ltr'><strong>Triumphare</strong></span> <span class='ocrx_word' id='word_1_339' title='bbox 828 3817 877 3857; x_wconf 90' lang='lat' dir='ltr'><strong>nos</strong></span> <span class='ocrx_word' id='word_1_340' title='bbox 891 3818 999 3869; x_wconf 87' lang='lat' dir='ltr'><strong>semper</strong></span> <span class='ocrx_word' id='word_1_341' title='bbox 1011 3818 1045 3857; x_wconf 87' lang='lat' dir='ltr'><strong>ex</strong></span> <span class='ocrx_word' id='word_1_342' title='bbox 1057 3805 1162 3856; x_wconf 89' lang='lat' dir='ltr'><strong>cunctis</strong></span> <span class='ocrx_word' id='word_1_343' title='bbox 1176 3804 1300 3856; x_wconf 89' lang='lat' dir='ltr'><strong>hostibus</strong></span> 
     </span>
     <span class='ocr_line' id='line_1_33' title="bbox 112 3899 1300 3970; baseline 0.009 -28"><span class='ocrx_word' id='word_1_344' title='bbox 112 3899 183 3947; x_wconf 84' lang='lat' dir='ltr'><strong>sunm</strong></span> <span class='ocrx_word' id='word_1_345' title='bbox 192 3904 330 3957; x_wconf 85' lang='lat' dir='ltr'><strong>sacerdotis</strong></span> <span class='ocrx_word' id='word_1_346' title='bbox 342 3904 473 3956; x_wconf 87' lang='lat' dir='ltr'><strong>lobannis</strong></span> <span class='ocrx_word' id='word_1_347' title='bbox 487 3908 704 3969; x_wconf 86' lang='lat' dir='ltr'><strong>cunctorumque</strong></span> <span class='ocrx_word' id='word_1_348' title='bbox 714 3911 872 3956; x_wconf 90' lang='lat' dir='ltr'><strong>sanctorum</strong></span> <span class='ocrx_word' id='word_1_349' title='bbox 886 3905 989 3957; x_wconf 89' lang='lat' dir='ltr'><strong>meritis</strong></span> <span class='ocrx_word' id='word_1_350' title='bbox 1011 3919 1041 3958; x_wconf 90' lang='lat' dir='ltr'><strong>ac</strong></span> <span class='ocrx_word' id='word_1_351' title='bbox 1064 3905 1190 3970; x_wconf 90' lang='lat' dir='ltr'><strong>precibus</strong></span> <span class='ocrx_word' id='word_1_352' title='bbox 1203 3903 1300 3956; x_wconf 86' lang='lat' dir='ltr'><strong>efficiat</strong></span> 
     </span>
     <span class='ocr_line' id='line_1_34' title="bbox 112 3993 943 4067; baseline -0.005 -7"><span class='ocrx_word' id='word_1_353' title='bbox 112 3993 244 4059; x_wconf 70' lang='grc' dir='ltr'><strong>0111ῃίι)οῑειιε</strong></span> <span class='ocrx_word' id='word_1_354' title='bbox 263 4018 295 4057; x_wconf 91' lang='lat' dir='ltr'><strong>ac</strong></span> <span class='ocrx_word' id='word_1_355' title='bbox 317 4005 439 4055; x_wconf 90' lang='lat' dir='ltr'><strong>clemens</strong></span> <span class='ocrx_word' id='word_1_356' title='bbox 458 4003 598 4055; x_wconf 85' lang='lat' dir='ltr'><strong>dominus.</strong></span> <span class='ocrx_word' id='word_1_357' title='bbox 618 4000 759 4067; x_wconf 76' lang='lat' dir='ltr'><strong>Explicit</strong></span> <span class='ocrx_word' id='word_1_358' title='bbox 772 4003 943 4067; x_wconf 72' lang='lat' dir='ltr'><strong>praefatio.</strong></span> 
     </span>
    </p>
   </div>
   <div class='ocr_carea' id='block_1_6' title="bbox 328 4204 1004 4278">
    <p class='ocr_par' dir='ltr' id='par_1_6' title="bbox 328 4204 1004 4278">
     <span class='ocr_line' id='line_1_35' title="bbox 328 4204 1004 4278; baseline -0.003 -13"><span class='ocrx_word' id='word_1_359' title='bbox 328 4204 459 4277; x_wconf 86' lang='lat' dir='ltr'><strong>Incipit</strong></span> <span class='ocrx_word' id='word_1_360' title='bbox 479 4207 650 4278; x_wconf 72' lang='lat' dir='ltr'><strong>prologus</strong></span> <span class='ocrx_word' id='word_1_361' title='bbox 671 4208 714 4266; x_wconf 89' lang='lat' dir='ltr'><strong>de</strong></span> <span class='ocrx_word' id='word_1_362' title='bbox 736 4208 894 4278; x_wconf 76' lang='lat' dir='ltr'><strong>ejusdem</strong></span> <span class='ocrx_word' id='word_1_363' title='bbox 915 4207 1004 4267; x_wconf 81' lang='lat' dir='ltr'><strong>vita.</strong></span> 
     </span>
    </p>
   </div>
   <div class='ocr_carea' id='block_1_7' title="bbox 111 4368 1299 4554">
    <p class='ocr_par' dir='ltr' id='par_1_7' title="bbox 111 4368 1299 4554">
     <span class='ocr_line' id='line_1_36' title="bbox 140 4368 1299 4453; baseline 0.003 -21"><span class='ocrx_word' id='word_1_364' title='bbox 140 4368 160 4418; x_wconf 88' lang='lat'><strong>¹·</strong></span> <span class='ocrx_word' id='word_1_365' title='bbox 170 4373 235 4434; x_wconf 70' lang='lat' dir='ltr'><strong>Veluti</strong></span> <span class='ocrx_word' id='word_1_366' title='bbox 247 4398 340 4452; x_wconf 80' lang='lat' dir='ltr'><strong>agrum</strong></span> <span class='ocrx_word' id='word_1_367' title='bbox 353 4383 439 4435; x_wconf 74' lang='lat' dir='ltr'><strong>variis</strong></span> <span class='ocrx_word' id='word_1_368' title='bbox 451 4382 610 4435; x_wconf 79' lang='lat' dir='ltr'><strong>abluentem</strong></span> <span class='ocrx_word' id='word_1_369' title='bbox 625 4383 738 4437; x_wconf 89' lang='lat' dir='ltr'><strong>floribus</strong></span> <span class='ocrx_word' id='word_1_370' title='bbox 762 4386 824 4451; x_wconf 91' lang='lat' dir='ltr'><strong>quis</strong></span> <span class='ocrx_word' id='word_1_371' title='bbox 842 4385 1010 4453; x_wconf 76' lang='lat' dir='ltr'><strong>ingrediens,</strong></span> <span class='ocrx_word' id='word_1_372' title='bbox 1032 4385 1179 4451; x_wconf 92' lang='lat' dir='ltr'><strong>plurimum</strong></span> <span class='ocrx_word' id='word_1_373' title='bbox 1191 4383 1299 4451; x_wconf 89' lang='lat' dir='ltr'><strong>conspi-</strong></span> 
     </span>
     <span class='ocr_line' id='line_1_37' title="bbox 111 4472 1299 4554; baseline 0.006 -24"><span class='ocrx_word' id='word_1_374' title='bbox 111 4472 173 4519; x_wconf 71' lang='lat' dir='ltr'><strong>⁰³l¹1⁵</strong></span> <span class='ocrx_word' id='word_1_375' title='bbox 182 4474 259 4535; x_wconf 81' lang='lat' dir='ltr'><strong>iorum</strong></span> <span class='ocrx_word' id='word_1_376' title='bbox 271 4487 442 4548; x_wconf 79' lang='lat' dir='ltr'><strong>varietatem,</strong></span> <span class='ocrx_word' id='word_1_377' title='bbox 452 4486 504 4536; x_wconf 87' lang='lat' dir='ltr'><strong>huc</strong></span> <span class='ocrx_word' id='word_1_378' title='bbox 517 4483 635 4549; x_wconf 89' lang='lat' dir='ltr'><strong>illucque</strong></span> <span class='ocrx_word' id='word_1_379' title='bbox 645 4486 835 4539; x_wconf 83' lang='lat' dir='ltr'><strong>circumfertur</strong></span> <span class='ocrx_word' id='word_1_380' title='bbox 847 4487 958 4552; x_wconf 88' lang='lat' dir='ltr'><strong>intuitu,</strong></span> <span class='ocrx_word' id='word_1_381' title='bbox 966 4488 1097 4554; x_wconf 81' lang='lat' dir='ltr'><strong>ignorans</strong></span> <span class='ocrx_word' id='word_1_382' title='bbox 1108 4499 1178 4552; x_wconf 89' lang='lat' dir='ltr'><strong>quos</strong></span> <span class='ocrx_word' id='word_1_383' title='bbox 1189 4485 1299 4551; x_wconf 90' lang='lat' dir='ltr'><strong>quidem</strong></span> 
     </span>
    </p>
   </div>
   <div class='ocr_carea' id='block_1_8' title="bbox 110 4564 1299 4736">
    <p class='ocr_par' dir='ltr' id='par_1_8' title="bbox 110 4564 1299 4736">
     <span class='ocr_line' id='line_1_38' title="bbox 110 4564 1299 4653; baseline 0.019 -39"><span class='ocrx_word' id='word_1_384' title='bbox 110 4573 137 4612; x_wconf 81' lang='lat' dir='ltr'><strong>er</strong></span> <span class='ocrx_word' id='word_1_385' title='bbox 151 4564 180 4620; x_wconf 87' lang='lat' dir='ltr'><strong>his</strong></span> <span class='ocrx_word' id='word_1_386' title='bbox 189 4586 277 4641; x_wconf 83' lang='lat' dir='ltr'><strong>oportet</strong></span> <span class='ocrx_word' id='word_1_387' title='bbox 288 4596 351 4637; x_wconf 90' lang='lat' dir='ltr'><strong>eum</strong></span> <span class='ocrx_word' id='word_1_388' title='bbox 365 4596 515 4649; x_wconf 90' lang='lat' dir='ltr'><strong>assumere,</strong></span> <span class='ocrx_word' id='word_1_389' title='bbox 540 4595 609 4649; x_wconf 93' lang='lat' dir='ltr'><strong>quos</strong></span> <span class='ocrx_word' id='word_1_390' title='bbox 622 4585 704 4638; x_wconf 89' lang='lat' dir='ltr'><strong>eiiam</strong></span> <span class='ocrx_word' id='word_1_391' title='bbox 726 4585 863 4649; x_wconf 89' lang='lat' dir='ltr'><strong>deserere,</strong></span> <span class='ocrx_word' id='word_1_392' title='bbox 885 4586 982 4640; x_wconf 83' lang='lat' dir='ltr'><strong>eodem</strong></span> <span class='ocrx_word' id='word_1_393' title='bbox 1005 4586 1086 4639; x_wconf 91' lang='lat' dir='ltr'><strong>modo</strong></span> <span class='ocrx_word' id='word_1_394' title='bbox 1105 4599 1154 4653; x_wconf 86' lang='lat' dir='ltr'><strong>cgo</strong></span> <span class='ocrx_word' id='word_1_395' title='bbox 1168 4598 1251 4650; x_wconf 92' lang='lat' dir='ltr'><strong>nunc,</strong></span> <span class='ocrx_word' id='word_1_396' title='bbox 1272 4585 1299 4636; x_wconf 92' lang='lat' dir='ltr'><strong>in</strong></span> 
     </span>
     <span class='ocr_line' id='line_1_39' title="bbox 139 4671 1232 4736; baseline 0.021 -25"><span class='ocrx_word' id='word_1_397' title='bbox 139 4671 213 4727; x_wconf 81' lang='lat' dir='ltr'><strong>cdd..</strong></span> <span class='ocrx_word' id='word_1_398' title='bbox 227 4690 309 4736; x_wconf 73' lang='lat' dir='ltr'><strong>rums.</strong></span> <span class='ocrx_word' id='word_1_399' title='bbox 330 4693 356 4734; x_wconf 86' lang='grc' dir='ltr'><strong>τ.</strong></span> <span class='ocrx_word' id='word_1_400' title='bbox 377 4693 417 4734; x_wconf 90' lang='grc' dir='ltr'><strong>ιιι.</strong></span> <span class='ocrx_word' id='word_1_401' title='bbox 1217 4685 1232 4734; x_wconf 72' lang='lat' dir='ltr'><strong>b</strong></span> 
     </span>
    </p>
   </div>
   <div class='ocr_carea' id='block_1_9' title="bbox 0 0 1549 5498">
    <p class='ocr_par' dir='ltr' id='par_1_9' title="bbox 0 0 1549 5498">
     <span class='ocr_line' id='line_1_40' title="bbox 0 0 1549 5498; baseline 0 0"><span class='ocrx_word' id='word_1_402' title='bbox 0 0 1549 5498; x_wconf 95' lang='lat' dir='ltr'><strong> </strong></span> 
     </span>
    </p>
   </div>
  </div>
 </body>
</html>
