3082 5498
459 300 553 349 aren.
573 301 656 352 nur.
676 302 792 352 rann.
811 323 857 332 -
872 303 1046 353 surenau.
1065 306 1090 354 ι.
1328 291 1395 356 535

157 469 264 522 merito
277 468 323 520 illa
335 469 392 521 dies
404 469 533 535 adjuncta
546 471 629 535 priori
644 471 822 525 translatione
836 473 892 525 sive
906 473 1072 539 inventione,
1087 486 1157 539 quae
1170 474 1198 526 in
1212 475 1269 540 ipsa
1284 475 1329 528 die
1333 476 1389 541 jam

158 569 353 622 memorabilis
374 569 536 635 habebatur,
557 569 659 635 duplici
681 570 780 636 gaudio
802 571 901 623 iterum
923 569 1083 623 contirmata
1106 576 1183 628 εει...
1203 573 1390 638 (Sequuntur

158 667 390 734 paraenetica.)

276 877 491 944 Tssnsunrro
509 877 632 943 Sancrr'
649 878 839 944 Munrmars
853 876 1054 963 (Dlrsupra,
1069 899 1103 964 p.
1121 879 1201 956 531,
1221 877 1282 966 4⁰).

303 1088 346 1143 In
361 1077 604 1177 mansiatioue
616 1082 716 1143 beati
729 1083 915 1143 Martialm
928 1098 953 1143 a
967 1086 1085 1144 monte
1104 1084 1253 1146 Gaudio.

192 1263 304 1316 Lectio
315 1261 429 1328 primu.
442 1264 565 1315 -Anno
577 1263 660 1330 igitur
672 1265 706 1315 ab
719 1263 908 1315 incarnatione
921 1263 1027 1315 Domini
1049 1265 1259 1331 nongentesimo
1271 1277 1389 1335 nonage-

155 1364 232 1417 simo
245 1368 353 1428 quarto,
367 1361 519 1415 indictione
531 1363 655 1427 septima,
669 1361 827 1429 indignatus
850 1367 891 1413 est
912 1362 989 1414 turor
1007 1363 1113 1415 Domini
1134 1376 1217 1429 super
1234 1365 1313 1417 istius
1330 1378 1391 1432 pro·

155 1463 268 1517 vinciae
288 1463 392 1515 incolas
412 1467 440 1514 et
459 1462 638 1513 vehementer
656 1461 775 1512 excrevit
795 1474 826 1512 ac
847 1473 903 1513 non
920 1461 980 1513 sine
997 1461 1073 1528 justo
1089 1461 1203 1529 judicio,
1217 1464 1390 1531 exigentibus

157 1566 250 1633 culpis
262 1576 368 1631 eorum,
384 1563 533 1617 vindictam
552 1575 617 1615 suae
637 1563 751 1615 ultionis
771 1576 853 1628 super
874 1575 922 1615 eos
943 1563 1064 1631 ingessit.
1078 1565 1152 1626 Duae
1174 1566 1303 1618 nimirum
1322 1567 1390 1620 ultio

135 1670 254 1724 rdivina
265 1679 347 1734 quam
360 1664 491 1731 populum
512 1676 596 1730 quem
614 1663 750 1715 invaserat
771 1661 926 1714 trucidabat
946 1663 1055 1727 acerbe,
1068 1667 1096 1714 et
1115 1663 1224 1729 plurimi
1243 1669 1388 1733 nostrates,

155 1769 206 1835 qui
218 1778 331 1821 evasere
343 1769 412 1817 nutu
426 1763 482 1828 Dei,
496 1766 647 1827 potuerunt
667 1761 780 1827 reterre,
794 1765 822 1813 et
842 1761 969 1814 nonnulli
979 1775 1023 1831 ¹ex
1037 1763 1148 1825 nostris,
1162 1764 1209 1828 qui
1231 1768 1388 1834 supersunt,

155 1873 264 1923 certum
285 1871 328 1918 est
347 1863 500 1918 lacrimosis
519 1861 660 1914 obtutibus
681 1861 868 1925 conspexisse.
882 1860 1001 1913 Ardebat
1020 1863 1133 1928 etenim,
1148 1863 1201 1915 heu
1219 1876 1268 1928 pro
1290 1862 1387 1918 dolor!

156 1969 347 2022 subcutaneus
368 1964 439 2031 ignis
462 1969 489 2014 et
509 1973 596 2026 paene
617 1974 705 2026 usque
727 1958 760 2011 ad
783 1973 880 2012 necem
901 1961 1126 2029 inextinguibilis,
1140 1961 1390 2028 etpedibusmani·

157 2068 247 2121 basae
260 2066 347 2131 majus
368 2061 527 2115 incendium
546 2060 677 2124 tolerans,
690 2065 794 2124 quanto
811 2060 902 2112 acrius
920 2060 1074 2125 patiebatur
1086 2060 1300 2127 incommodum,
1313 2066 1389 2115 tanto

135 2167 290 2220 tdevotius
306 2165 386 2230 juxta
409 2162 480 2214 vires
509 2160 637 2213 celeriter
665 2172 822 2224 accurrens,
844 2160 943 2211 Christi
967 2160 1061 2213 famuli
1085 2160 1212 2213 llartialis
1236 2160 1387 2215 salvificum

156 2264 334 2332 exspectabat
346 2260 555 2315 adminiculum.

188 2363 301 2417 uacuo
311 2365 352 2415 11.
365 2362 520 2414 -lacebat
541 2360 670 2427 equidem
691 2364 755 2412 ante
776 2359 848 2412 tores
869 2359 961 2425 templi
975 2359 1060 2424 ipsius
1072 2359 1114 2411 vel
1127 2374 1176 2426 per
1188 2360 1257 2413 atria
1269 2361 1387 2427 graviter

154 2464 310 2518 aestuantis
338 2461 432 2528 populi
456 2465 482 2512 et
511 2461 570 2512 sinc
599 2460 708 2512 bamma
728 2459 834 2511 fumum
855 2458 1004 2510 emittentis
1025 2459 1097 2511 iessa
1109 2466 1226 2526 caterva,
1240 2473 1271 2512 ac
1296 2466 1386 2513 tantus

152 2563 307 2632 augebatur
327 2561 426 2615 cotidie
446 2559 645 2612 infirmantium
667 2571 811 2624 numerus,
823 2558 953 2624 quatinus
974 2557 1009 2609 ad
1022 2558 1224 2611 sanctissimum
1237 2560 1385 2613 ldartialem

152 2663 240 2716 nimis
252 2665 339 2715 artato
353 2659 460 2712 tramite
474 2657 593 2712 difficilis
614 2658 762 2710 haberetur
782 2657 929 2723 ingressus.
942 2659 1001 2710 lton
1019 2657 1109 2711 solum
1126 2658 1202 2710 cuim
1214 2672 1286 2725 quae
1296 2660 1385 2713 vicina

150 2768 234 2816 erant
254 2760 389 2814 ecclesiae
411 2765 520 2812 nostrae
541 2759 600 2810 loca
622 2757 767 2823 replebant
787 2755 898 2823 infirmi,
919 2757 967 2809 ubi
992 2769 1041 2823 per
1064 2757 1118 2810 alta
1142 2758 1260 2824 suspiria
1283 2759 1386 2812 sedulis

150 2861 301 2932 gemitibus
312 2859 470 2926 bajulabant
490 2872 553 2910 curn
573 2857 676 2910 faetore
701 2856 836 2919 horribili,
849 2856 897 2937 sed
915 2857 995 2909 etiam
1008 2869 1087 2909 secus
1104 2858 1215 2910 semitas
1228 2859 1347 2911 civitatis
1359 2866 1386 2912 et

150 2962 206 3016 sub
216 2960 349 3028 gradibus
360 2959 507 3012 domorum
522 2959 550 3009 in
570 2958 708 3025 grabbatis
729 2961 756 3009 et
776 2955 915 3008 vilissimis
927 2956 1044 3023 tuguriis
1057 2960 1131 3009 tanta
1149 2958 1276 3010 manebat
1288 2959 1386 3011 cohors

150 3061 285 3126 invalida,
306 3073 355 3126 per
375 3066 529 3124 cunctaque
550 3059 648 3124 passim
669 3057 835 3110 Lemovicini
857 3058 954 3122 spatia,
976 3063 1005 3108 ut
1026 3057 1100 3109 illius
1122 3057 1281 3111 Psalmistae
1304 3071 1384 3124 posse

149 3160 292 3216 reminisci
306 3173 367 3212 curn
383 3159 479 3212 dolore
493 3165 519 3211 et
532 3158 685 3210 maestitia:
702 3159 802 3211 Penes
822 3171 872 3210 eos
891 3159 927 3209 ut
938 3156 1099 3211 clibanum
1110 3157 1192 3223 ipuis
1204 3158 1239 3210 iu
1252 3161 1386 3225 tempore

149 3259 277 3328 {luroris
290 3259 338 3312 bri
346 3275 356 3325 ,·
368 3258 519 3312 Dominus
531 3257 566 3309 iu
578 3257 629 3309 ira
642 3270 699 3310 suo
716 3256 911 3310 conturbabit
928 3270 977 3310 eos
994 3259 1027 3310 et
1041 3257 1201 3313 decorabit
1219 3270 1270 3311 eos
1288 3259 1382 3325 ipah.

150 3363 184 3413 Et
205 3366 236 3414 ut
257 3358 441 3412 confidentius
462 3359 490 3409 in
512 3358 619 3410 Christo
640 3356 810 3409 confidentes
831 3370 887 3410 non
908 3358 1041 3410 condecet
1061 3359 1204 3424 haesitare,
1218 3359 1319 3411 nolens
1337 3372 1385 3413 eos

152 3460 288 3513 Dominus
301 3458 392 3512 tructu
404 3469 471 3510 suae
490 3457 615 3510 hustrari
628 3456 799 3520 clementiae,
813 3461 954 3522 tamquam
970 3468 1066 3510 aurum
1086 3458 1114 3509 in
1133 3457 1244 3511 tornace
1257 3459 1384 3524 probatos

152 3565 250 3613 nostro
263 3570 368 3625 suoque
381 3563 497 3624 patrono
510 3556 628 3609 ducente
639 3556 673 3607 ad
687 3556 801 3621 patriam
815 3557 899 3608 laetos
911 3555 1019 3609 reduxit
1031 3556 1166 3609 felicitatis
1178 3563 1317 3610 aeternae.

185 3656 297 3712 Lectio
308 3659 364 3710 111.
377 3659 489 3708 -Cum
501 3657 574 3708 enim
588 3668 674 3720 paene
692 3658 747 3707 tota
764 3654 862 3707 civitas
874 3656 917 3707 vel
930 3667 1014 3723 pagus
1031 3656 1169 3721 praelatae
1181 3657 1380 3722 persecutionis

151 3757 245 3812 taedio
265 3762 424 3824 quateretur
442 3762 469 3808 et
481 3756 560 3808 solita
574 3755 675 3807 laetitia
688 3755 716 3806 in
730 3753 854 3818 planctus
874 3753 1096 3807 maestitudinem
1114 3760 1275 3822 verteretur,
1286 3768 1384 3822 coepe·

152 3863 219 3910 runt
232 3855 318 3909 n'ostri
330 3855 448 3921 majores
461 3860 527 3906 natu
539 3866 571 3906 ac
583 3853 676 3906 divino
688 3853 839 3905 sanctiores
851 3853 879 3904 in
892 3865 975 3917 opere
988 3852 1090 3905 salubri
1103 3852 1279 3907 meditatione
1289 3854 1382 3907 rimari

152 3968 208 4023 qua
219 3953 420 4007 deliberatione
441 3954 558 4006 sanioris
571 3953 676 4006 consilii
690 3959 744 4005 tarn
757 3952 876 4005 adurens
888 3950 1048 4004 incendium
1066 3952 1100 4004 ab
1117 3952 1228 4005 obsessa
1247 3954 1383 4019 plebicula

151 4056 289 4123 potuisset
308 4054 441 4121 extingui.
463 4053 514 4117 Qui
538 4053 663 4105 videlicet
690 4052 762 4118 qnod
791 4056 850 4104 erat
871 4051 981 4117 dignius
1004 4050 1190 4117 consulentes,
1212 4059 1381 4105 concurrunt

135 4165 137 4202 l
152 4158 257 4224 puriter
269 4155 304 4208 ad
316 4155 512 4221 omnipotentis
524 4154 621 4205 Christi
634 4153 741 4205 veniale
753 4152 880 4203 solatium
894 4153 1008 4217 ejusque
1019 4150 1147 4216 discipuli
1160 4152 1288 4204 ldartialis
1301 4151 1383 4204 fidele

151 4255 349 4322 patrocinium,
362 4258 508 4320 poscentes
519 4258 548 4304 ut
558 4265 608 4304 suo
621 4251 755 4303 levamine
770 4262 850 4316 rogus
863 4250 1078 4317 inextinguibilis
1090 4251 1274 4318 extinguibilis
1287 4251 1381 4303 redde·

150 4364 229 4411 retur
247 4362 275 4409 et
295 4354 429 4408 debilium
452 4361 542 4406 turma
556 4358 664 4418 optatae
686 4352 826 4417 sospitatis
847 4349 1029 4404 medicamine
1050 4351 1201 4404 fulciretur.
1222 4352 1382 4418 Huiusmodi

150 4455 292 4525 siquidem
305 4455 390 4521 gratia
403 4453 572 4506 venerabilis
584 4451 740 4516 llilduinus,
754 4451 800 4516 qui
814 4456 879 4502 tuuc
891 4450 1078 4504 Lemovicensi
1091 4449 1149 4502 sedi
1166 4449 1280 4504 idoneus
1292 4463 1384 4517 praec·
1474 4474 1479 4481 ·

150 4561 194 4608 rat
205 4553 352 4619 episcopus
372 4564 404 4604 ac
413 4550 559 4604 admodum
574 4547 735 4603 commodus
747 4555 908 4613 procurator
920 4549 1039 4614 suscepti
1051 4546 1202 4615 regiminis,
1213 4549 1386 4615 competens
