3076 5498
263 111 356 160 sran.
376 112 457 160 aar.
477 112 592 162 eurus
612 133 657 142 -
673 112 826 162 sarman.
846 113 893 162 aa
910 111 987 163 oon.
1009 111 1100 162 istac.
1239 98 1306 162 309

56 289 87 335 et
96 280 186 334 omni
197 278 407 345 suppetlle]ctile
419 281 508 345 lugam
522 281 695 347 arripientes,
709 281 857 346 praefatam
872 282 989 333 insulam
1003 295 1114 334 vacuam
1129 281 1303 334 dimiserunt.

58 380 195 434 'landem
208 379 277 432 inito
300 381 416 433 consilio
429 395 492 434 cum
505 395 555 434 suo
564 382 698 447 principe,
708 385 754 449 qui
768 383 886 436 insulam
896 385 959 447 jure
969 388 1082 447 paterno
1093 382 1212 447 regebat,
1219 381 1305 433 sancti

63 481 194 546 blaglorii
214 479 342 546 suilragia
364 480 567 533 lacrimabiliter
588 484 734 547 petierunt.
748 484 871 548 Curaque
890 495 966 534 suam
988 482 1187 547 querimoniam
1209 480 1306 532 beatis·

10 558 12 565 ’
67 578 144 630 simo
158 579 213 632 viro
225 580 354 646 ltaglorio
368 580 476 647 lugubri
488 594 554 634 voce
564 582 855 647 reserrent,buruiliter
868 580 1043 647 respondisse
1053 582 1140 633 iertur
1151 596 1156 630 :
1166 572 1304 644 Foatrea,

17 694 23 703 ·
45 676 128 729 title
141 678 193 730 cui
208 680 321 732 cancta
333 676 538 744 sarantantar
558 682 719 745 elementa,
742 683 773 732 et
791 682 881 745 anias
903 679 1060 733 volantati
1079 680 1190 732 nntius
1204 680 1306 746 potest

25 756 29 765 ¹
77 778 227 843 resistcre,
241 781 434 847 propitietur
453 780 564 832 vestris
586 777 781 846 infortuni-is,
795 782 824 832 et
847 780 954 833 liberet
974 793 1027 832 aas
1045 793 1065 832 a
1086 777 1231 846 faucibus
1251 779 1306 829 im-

38 908 42 913 -
82 880 253 932 inanissimi
263 881 428 947 serpentis.
442 881 499 934 Sed
520 881 559 933 de
578 893 635 942 ace,
646 881 750 949 filioli,
766 880 821 946 pai
832 894 900 933 sam
917 882 1065 946 peccator
1077 882 1107 933 et
1122 882 1232 945 lateas,
1242 876 1308 946 fra·

85 973 140 1038 atti
150 991 241 1032 cante
256 980 481 1045 circumdatas,
495 980 592 1033 notite
604 978 685 1032 tatia
692 981 867 1047 postutare,
881 992 969 1046 quem
990 979 1089 1032 nostis
1096 978 1225 1044 proprii
1244 989 1307 1031 cor·

32 1083 38 1109 ’·
86 1076 353 1145 aunspotesmtem
365 1093 426 1132 non
440 1078 560 1133 babere.
573 1080 605 1130 At
618 1079 656 1131 illi
669 1080 783 1131 vocibus
804 1080 944 1131 instabant
964 1077 1091 1143 assiduis,
1105 1083 1136 1129 ut
1156 1075 1307 1130 condolens

56 1166 81 1220 ll
91 1169 187 1228 illorum
198 1179 353 1241 calamitati,
367 1184 524 1245 serpentem
537 1191 552 1229 e
566 1180 690 1231 cavernis
702 1191 779 1231 utare
791 1179 871 1231 solito
884 1179 995 1242 ciceret,
1011 1183 1038 1229 et
1059 1189 1191 1230 concessa
1203 1177 1255 1229 sibi
1273 1175 1308 1228 de

35 1260 39 1338 J
95 1275 207 1336 ambiere
219 1290 308 1345 angue
320 1279 441 1343 victoria,
456 1277 573 1330 eandem
586 1284 687 1330 terram
700 1291 766 1330 suae
778 1278 902 1344 potestati
915 1279 944 1329 in
965 1283 1127 1343 perpetuum
1140 1277 1307 1344 subjugaret.

36 1360 62 1409 -'·:
97 1370 196 1429 Sanctus
210 1378 303 1444 itaque
324 1378 480 1443 llaglorius,
494 1378 569 1430 nulla
592 1377 741 1443 cupiditatc
762 1377 870 1444 ductus,
884 1377 933 1430 sed
947 1390 1043 1430 eorum
1056 1377 1176 1429 lacrimis
1189 1389 1308 1429 commo-

46 1473 54 1532 ζ
99 1469 221 1538 litanda
242 1477 392 1530 monachos
414 1490 508 1530 secum
528 1476 643 1542 ducens,
655 1477 763 1529 visurus
776 1476 867 1529 locum
888 1477 967 1528 simul
987 1489 1049 1529 cum
1063 1475 1116 1527 illis
1134 1477 1258 1542 perrexit
1275 1475 1309 1527 ad

17 1562 19 1568 ’
53 1598 67 1636 .·
100 1565 160 1626 litus.
171 1575 268 1628 beindc
280 1582 391 1643 peracto
400 1575 508 1643 ieiunio
522 1575 661 1643 triduano,
675 1583 803 1629 strenuos
820 1577 894 1629 viros
912 1581 938 1628 et
955 1576 1056 1641 peritos
1076 1574 1181 1627 itineris
1193 1575 1306 1642 eligens,

51 1668 53 1674 '
77 1688 85 1695 ἰ
101 1677 239 1728 maternis
255 1677 371 1729 navibus
382 1674 416 1728 ad
429 1680 533 1741 petram
546 1688 723 1729 cavernosam
736 1676 834 1728 frutice
847 1680 1013 1742 coopertam,
1028 1675 1074 1727 ubi
1088 1675 1200 1740 pestifer
1212 1675 1308 1741 anguis

10 1760 14 1767 ’
54 1849 57 1852 Δ
101 1773 244 1836 reumatis,
257 1775 352 1829 divino
370 1787 427 1828 non
448 1776 567 1828 bumana
589 1777 674 1827 iretus
693 1776 806 1840 auxilio,
820 1774 990 1827 confidenter
1011 1775 1134 1826 accessit.
1147 1777 1200 1825 Nec
1218 1786 1304 1837 mora,

10 1858 18 1892 ³
51 1859 68 1907 ³-
101 1875 242 1940 emensus
255 1880 317 1928 erat
336 1880 451 1928 naturae
472 1875 675 1941 callidissimae,
695 1876 804 1942 cognito
825 1875 935 1927 illorum
957 1873 1090 1937 adventu,
1113 1873 1191 1939 quasi
1213 1873 1303 1925 biulco

10 1957 14 1965 ’
57 1994 60 1999 ·
102 1975 212 2028 bremme
221 1975 303 2028 solita
315 1979 445 2040 capturus
458 1974 611 2040 intrepidus
626 1974 737 2027 obviare
750 1987 806 2028 non
819 1974 918 2027 timuit.
932 1975 1047 2026 Sanctus
1067 1986 1131 2025 vcro
1149 1972 1304 2040 ilaglorius,

10 2066 15 2075 ’
101 2063 176 2125 rioms
194 2079 349 2141 serpentem
371 2075 454 2128 torvis
473 2074 633 2140 luminibus,
648 2075 762 2127 terribili
784 2073 870 2135 vultu,
894 2073 1033 2126 fulmincis
1054 2073 1191 2136 dentibus,
1213 2072 1305 2140 lingua

56 2147 71 2194 2
104 2165 327 2240 misatprimttus
348 2175 425 2242 signo
446 2179 557 2227 sanctae
577 2175 667 2226 crucis
688 2175 761 2226 illius
774 2175 905 2241 impetum
928 2175 1067 2240 repressit,
1079 2173 1180 2226 uctnue
1192 2173 1304 2239 cuspide

10 2253 16 2287 ²
56 2267 57 2272 ’
103 2258 181 2339 baculi,
192 2287 272 2341 quem
285 2274 356 2328 forte
368 2287 452 2326 manu
463 2275 595 2342 gestabat,
608 2288 659 2341 pcr
671 2275 792 2327 medium
804 2281 905 2342 guttur,
921 2276 1035 2327 bumino
1048 2280 1223 2340 cooperante,
1234 2275 1304 2328 insa·

10 2353 15 2384 ³
51 2395 65 2426 ·,
103 2365 173 2423 labb
181 2371 400 2435 vulnusintiirit.
414 2375 547 2439 Curaque,
561 2372 742 2426 suadentibus
763 2373 860 2427 incolis
879 2387 894 2426 a
912 2380 1007 2427 sancto
1025 2374 1153 2441 Maglorio
1165 2373 1198 2427 ad
1212 2387 1305 2440 super-

10 2460 15 2483 ³
52 2451 68 2478 ⁵
103 2458 174 2520 tilium
183 2471 326 2524 montisut
345 2469 459 2524 ovinum
479 2485 562 2536 pecus
583 2470 739 2535 duceretur,
753 2471 853 2524 talibus
871 2472 961 2524 verbis
979 2473 1075 2525 orabat
1095 2473 1190 2525 dicens
1204 2488 1210 2524 :
1224 2474 1305 2525 Dens

69 2576 74 2583 ·
103 2566 276 2636 armipotens,
298 2571 354 2636 qm·
377 2570 542 2624 condolens
566 2569 686 2623 bomini
706 2568 824 2638 troade
855 2571 1034 2638 serpentina
1058 2571 1199 2638 decepto,
1222 2572 1305 2625 cotta

11 2670 15 2674 '
103 2666 223 2725 manea
241 2669 396 2736 serpentis
415 2671 542 2723 calcare
548 2669 742 2735 praecepisti
753 2669 887 2736 pedibas
904 2670 1058 2737 femineis,
1072 2672 1161 2737 crepas
1178 2682 1304 2737 pracce-

44 2766 73 2838 ,¹
100 2759 151 2821 dlt't
159 2767 341 2837 obtemperat
350 2769 420 2836 opis
433 2767 616 2836 somnifero,
630 2769 802 2823 hemorrois
814 2770 1009 2837 sanpaiptna,
1022 2769 1199 2824 cbersidros
1211 2784 1306 2838 aqua·

55 2870 72 2909 ·'·
105 2854 160 2932 dm,
173 2868 286 2937 ophites
307 2880 451 2934 arestosa,
472 2868 581 2935 dipsas
611 2869 743 2936 torrida,
772 2868 873 2936 biceps
894 2868 1121 2937 amphisibena,
1144 2873 1174 2922 et
1195 2871 1284 2923 natr'

71 2968 74 2975 '
104 2966 181 3024 “itae
197 2968 339 3036 violator,
360 2970 391 3020 et
403 2967 509 3033 jocati
520 2970 669 3032 volucres,
682 2971 711 3021 et
719 2971 866 3035 praester
886 2971 1007 3035 comas,
1022 2972 1050 3023 et
1062 2983 1131 3036 seps
1154 2970 1307 3037 tabificus,

35 3107 47 3120 .,
62 3062 70 3073 '
105 3065 239 3134 ”totamm
249 3079 388 3134 repnans
401 3067 436 3120 ta
447 3069 526 3120 auto
548 3067 722 3134 basiliscos,
736 3071 765 3120 et
777 3069 884 3121 omnia
901 3082 1016 3135 penora
1032 3070 1212 3135 draconum,
1227 3069 1309 3124 boenc

30 3165 65 3200 ”“-
88 3166 249 3228 ίθιὲηιθιιιιειιι
271 3165 419 3232 lividum,
442 3165 573 3218 numani
590 3167 714 3232 pencris
736 3167 919 3225 inimicam,
942 3171 996 3220 tao
1018 3167 1134 3220 oirtcrte
1155 3168 1311 3234 ineffabili

12 3273 45 3315 2-·.
99 3267 297 3332 absterreant
317 3264 426 3318 obtata
447 3265 508 3317 sibi
528 3265 681 3333 vatrtifica
696 3242 857 3332 potestate,
879 3268 1064 3319 nallatenus
1083 3268 1113 3319 ei
1134 3267 1226 3320 liceat
1248 3267 1310 3319 tm's

10 3310 51 3465 ᾖ
100 3358 223 3426 Μεῑῶιιι
244 3366 279 3417 in
295 3369 391 3419 antea
411 3378 530 3418 nocere.
553 3364 592 3417 Ad
617 3367 687 3418 lianc
708 3380 801 3419 vocem
823 3369 928 3419 cunctis
951 3367 1181 3432 respondentibus
1201 3370 1308 3427 Amen,

34 3452 50 3503 3
97 3470 166 3518 omne
176 3479 312 3518 venenum
325 3466 353 3517 in
366 3464 445 3518 uiridi
458 3467 582 3532 gramine
594 3480 708 3532 serpens
720 3467 848 3529 evomuit,
862 3467 1027 3532 perdeserta
1040 3474 1068 3520 ct
1091 3473 1198 3533 petrosa
1212 3470 1312 3521 mantis

53 3636 56 3641 Ι
94 3560 168 3617 latera
181 3565 570 3631 sepraccipitans,dissolutis
592 3566 722 3618 membris
743 3566 898 3618 minutatim
919 3580 1011 3619 coram
1034 3569 1140 3620 cunctis
1160 3568 1312 3620 astantibus

89 3675 134 3729 per
144 3665 268 3717 uirtutem
281 3656 367 3716 san‘cti
381 3665 510 3732 llaglorii,
524 3663 690 3729 suffragante
703 3666 817 3717 bomine
837 3673 930 3718 nostro
946 3669 1010 3720 lesu
1028 3667 1144 3732 Christo,
1158 3667 1238 3719 uitam
1253 3668 1312 3719 inn-

10 3822 26 3839 „
85 3762 156 3816 ditus
166 3764 310 3816 exhalarit.
325 3765 383 3826 Quo
394 3764 461 3827 visu,
475 3764 582 3817 incolae
595 3777 649 3816 una
662 3778 724 3816 cum
740 3777 790 3816 suo
812 3766 935 3831 principe
949 3766 1043 3825 voluti,
1058 3767 1165 3819 obnixis
1186 3766 1312 3831 precibus

10 3836 24 3979 f
81 3866 264 3932 precabantur
276 3867 402 3916 attotam
414 3863 531 3915 insulam
544 3877 559 3914 a
581 3868 708 3930 serpente
721 3864 863 3917 liberatam
876 3865 928 3918 sibi
953 3868 981 3917 in
1000 3871 1161 3931 perpetuum
1182 3867 1309 3920 titularet.

10 3990 18 4031 t
78 3966 138 4028 ouo
157 3959 261 4025 audito,
285 3964 394 4013 sanctus
413 3961 558 4027 llaglorius
579 3961 664 4011 tristis
688 3960 812 4029 effectae,
835 3963 949 4015 multum
972 3963 1115 4030 ingemuit,
1137 3963 1232 4014 bamili
1246 3975 1312 4015 sace

75 4067 209 4116 constans
221 4059 275 4112 talc
297 4059 460 4111 miraculum
482 4072 538 4111 non
560 4072 626 4111 suae
638 4059 730 4111 virtuti
744 4061 791 4111 sed
806 4060 914 4113 illorum
936 4061 1075 4114 devotioni
1088 4074 1103 4112 a
1117 4060 1230 4112 bornino
1248 4063 1311 4112 lesu

10 4142 58 4221 2310)
73 4159 186 4214 cbristo
209 4157 294 4210 fuisse
313 4170 492 4221 concessum,
512 4156 622 4209 tandem
644 4157 679 4209 ad
699 4158 827 4210 ultimum
848 4173 897 4210 seu
915 4160 1033 4210 lacrimis
1054 4158 1245 4226 indigenarum
1264 4172 1312 4210 scu

73 4257 210 4327 precibus
232 4256 432 4308 monachorum
453 4257 549 4320 victus,
563 4255 681 4306 insulam
705 4269 753 4320 per
772 4262 898 4321 septenas
920 4262 1008 4322 partos
1030 4256 1112 4308 [lividi
1126 4257 1273 4321 praecepit,
1287 4262 1315 4308 ct

72 4363 167 4414 tactus
178 4356 275 4409 divino
296 4360 433 4419 respectu,
446 4354 567 4406 dimissis
582 4355 656 4406 senis
680 4355 802 4419 partibus
816 4356 912 4408 incolis
924 4355 1082 4418 heredibus,
1096 4357 1237 4421 septimam
1255 4370 1313 4421 par-
