3076 5498
242 316 336 365 ever..
355 313 437 364 nur.
457 311 576 362 ehnrs.
595 329 642 342 -
657 308 812 360 menan.
832 309 880 359 un
897 309 975 359 oon.
997 306 1089 357 rursu.
1252 294 1297 358 87

101 485 187 538 sluilen
207 484 343 538 llltissimo
366 482 497 535 mentitus
522 479 639 545 dixerat,
652 478 797 531 humilium
822 490 936 531 suorum
966 476 1083 543 pedibus
1111 477 1297 532 miserabilem

100 586 177 638 stravit.
187 586 306 638 Thronos
324 582 420 650 iudicii
442 593 526 646 super
548 586 585 646 te,
600 580 694 647 miser,
707 590 844 644 pauperes
865 590 914 644 pro
933 577 1042 630 Christo
1063 577 1212 644 accipiunt,
1227 583 1256 630 tu
1268 577 1298 631 in

100 685 208 750 superbiae
229 688 291 750 tppo
313 682 389 736 nulla
409 680 476 734 sede
495 680 675 748 vagabundus
696 679 818 731 aberras.
832 678 859 729 Si
878 689 931 744 qua
950 677 1032 730 etiarn
1049 677 1158 730 insidiis
1175 676 1296 743 obsides,

10 784 15 807 ¹
99 784 211 849 erpellmis
232 786 262 836 ut
282 783 353 835 latro
374 781 565 847 deprehensus
585 780 619 832 ad
641 791 761 831 crucem.
784 777 918 830 corruisti
938 776 1052 842 spiritus
1078 775 1249 830 clarissimus
1272 782 1300 831 et

10 906 12 915 ·
73 884 212 952 bnhlgens,
225 896 290 936 earo
303 883 352 935 tibi
364 882 512 934 tenebrosa
522 881 578 946 jam
592 881 719 946 imperat.
733 881 752 931 0
766 881 837 932 licus
849 876 1048 945 potentissime,
1061 877 1297 942 victoriosissime,

100 982 332 1047 misericordissime,
345 979 462 1033 reddant
483 979 530 1032 tibi
550 979 673 1032 servitui
692 982 828 1044 potentes,
842 978 991 1043 victoriosi,
1005 976 1209 1042 misericordes,
1222 974 1297 1044 quod

99 1082 172 1135 haben
181 1084 212 1135 ab
225 1088 261 1147 te,
273 1086 358 1147 teque
371 1084 397 1133 et
408 1081 503 1134 omnia
515 1093 625 1146 semper
638 1079 789 1132 habebunt.

122 1179 297 1233 18.llactenus
316 1179 404 1232 secuti
425 1191 521 1231 sumus
543 1177 688 1230 bominum
710 1177 788 1242 quasi
811 1189 860 1244 per
881 1182 982 1229 terram
998 1175 1181 1244 gradientem,
1195 1175 1296 1229 deseri·

99 1277 167 1332 bentes
177 1285 251 1345 prout
262 1279 357 1331 datum
370 1283 412 1331 est
424 1277 557 1330 famulum
572 1290 652 1329 suum
666 1282 791 1329 sanctum
804 1276 832 1328 in
845 1276 957 1329 caducis
968 1276 1131 1342 corporibus
1149 1275 1258 1342 pictatis
1269 1281 1297 1329 et

61 1375 89 1427 lo
99 1376 268 1430 misericordiae
280 1389 364 1443 opera
376 1378 563 1429 exercentem.
576 1377 635 1427 iam
657 1387 733 1427 nunc
745 1387 796 1427 nos
808 1374 917 1427 elevare
929 1375 1000 1441 cogit
1018 1373 1133 1439 spiritus
1153 1371 1296 1427 vivificans

98 1474 212 1529 mlubilem
232 1481 319 1530 rotam
341 1476 503 1542 scripturae,
518 1480 544 1527 et
561 1473 703 1541 spirituale
720 1474 885 1527 miraculum
899 1485 989 1539 penna
1007 1485 1139 1539 corporea
1152 1485 1184 1525 ao
1195 1472 1297 1526 visibili

97 1572 203 1629 lusere.
217 1579 314 1629 Beatus
328 1576 403 1628 enim
416 1575 557 1640 hgericus,
571 1573 689 1640 apostoli
711 1579 888 1640 praeceptum
906 1573 935 1625 in
953 1573 1036 1626 corde
1048 1585 1162 1625 servans
1173 1576 1201 1625 et
1213 1584 1298 1638 opere

97 1675 203 1740 complens
221 1675 362 1730 dicentis:
376 1675 448 1729 sine
468 1673 701 1727 intermissione
721 1675 818 1740 orate,
841 1673 875 1725 irc
896 1671 1039 1726 omnibus
1057 1671 1181 1740 gratias
1202 1671 1296 1740 agite,

96 1773 214 1840 contignat
223 1777 330 1840 jaceret
349 1773 492 1840 cujusdam
516 1773 604 1825 noctis
624 1772 790 1838 intempesto
811 1784 917 1825 memor
934 1771 1042 1824 bomini
1055 1771 1084 1824 in
1097 1775 1183 1823 stratu
1195 1782 1256 1836 suo,
1269 1775 1296 1824 et

60 1866 87 1918 lb
96 1879 170 1926 secreto
187 1875 261 1927 suavi
283 1887 315 1926 ac
336 1872 412 1926 dulci
432 1872 572 1938 voluptate
585 1870 810 1924 meditationibus
822 1871 904 1923 castis
916 1871 1069 1938 ignescens,
1083 1870 1171 1936 ipsius
1184 1881 1295 1936 quoque

95 1972 184 2034 torpens
193 1973 300 2039 pondus
313 1972 426 2038 spiritus
439 1972 548 2025 levitate
560 1971 706 2035 excedens,
720 1971 811 2024 subito
824 1970 919 2023 lumen
937 1970 1011 2036 quod
1029 1975 1094 2023 ante
1112 1969 1202 2036 ipsum
1218 1967 1295 2022 arde·

94 2064 282 2125 batexstinctum
301 2075 352 2136 est,
366 2077 393 2124 et
412 2071 544 2124 remansit
556 2069 668 2137 pervigil
691 2081 723 2122 ac
743 2069 862 2136 sobrius,
876 2081 932 2122 non
954 2068 1024 2134 visu,
1038 2081 1093 2122 non
1112 2066 1218 2134 auditu,
1230 2080 1287 2121 non

94 2165 257 2225 llloscnsuum
268 2173 393 2239 quinque
403 2171 553 2224 carnalium
564 2171 705 2224 obstaculo
718 2169 875 2237 impeditus.
883 2173 1006 2236 Cumque
1016 2174 1088 2224 totus
1096 2183 1191 2222 secum
1199 2174 1287 2223 totum

93 2266 158 2320 sebco
168 2269 326 2323 extenderet
336 2275 364 2322 et
376 2270 467 2321 anima
480 2272 582 2333 sancta,
596 2281 710 2334 corpore
723 2281 817 2334 pressa
830 2269 916 2335 gravi,
929 2281 958 2322 se
972 2269 1000 2321 in
1019 2271 1106 2321 licum
1118 2267 1286 2334 speculando

59 2355 193 2436 ”litaret
213 2369 382 2423 aseendente
404 2382 437 2422 eo
461 2369 491 2421 in
516 2371 643 2435 superius
670 2382 702 2421 ex
724 2368 872 2436 desiderio,
895 2368 998 2421 iamiha
1021 2367 1055 2421 ad
1080 2381 1142 2421 eum
1166 2379 1286 2435 superna

91 2458 197 2521 luendi
207 2478 236 2521 et
250 2468 396 2522 multitudo
416 2469 578 2537 angelorum
591 2469 691 2522 domus
708 2470 768 2534 ejus
786 2469 996 2522 sanctitudinem
1016 2468 1169 2534 penetravit
1186 2472 1213 2520 et
1225 2480 1285 2534 per-
1320 2452 1323 2457 ¹

91 2555 187 2620 boant
200 2568 363 2636 hemlgebat
372 2569 455 2635 igitur
465 2568 536 2621 cella
547 2568 707 2621 accubitalis
725 2573 883 2622 sanctorum
895 2569 1057 2637 angelorum
1078 2567 1284 2634 splendoribus,

90 2665 163 2728 bouet
173 2669 290 2721 ministri
303 2668 416 2736 gloriae,
429 2674 468 2721 tot
488 2668 593 2722 lumina
610 2667 769 2736 gloriarum.
783 2669 923 2722 canebant
935 2669 1052 2735 hymnos
1064 2667 1169 2721 concivi
1182 2672 1209 2720 et
1221 2678 1284 2720 eon·

89 2759 191 2818 hbrndi
202 2779 253 2820 suo
265 2773 295 2820 et
306 2767 508 2820 inenarrabiles
521 2769 575 2820 lieo
588 2767 703 2821 deorum
715 2768 836 2836 glorioso
849 2769 878 2821 in
890 2768 992 2822 sanctis
1004 2767 1161 2821 harmonias
1173 2779 1283 2821 resona·

10 2884 14 2907 ι
57 2848 290 2919 lhotllauriehat
307 2865 353 2918 ille
371 2879 401 2918 ac
421 2865 582 2933 degustabat
600 2868 760 2921 suavitatem
778 2880 842 2920 vase
860 2867 963 2934 fragilis
981 2867 1104 2933 corporis
1122 2865 1283 2932 ampliorem

89 2965 122 3010 nce
137 2978 240 3019 munera
262 2967 309 3018 bei
332 2966 587 3032 superabundantia
608 2980 671 3020 caro
692 2966 801 3020 infirma
822 2967 1058 3034 comprehendere
1077 2967 1121 3020 vel
1138 2966 1282 3020 continere

88 3057 170 3117 talebot.
182 3066 358 3118 laudabatur
370 3066 404 3118 ab
418 3067 523 3134 angelis
536 3067 637 3119 sanetis
648 3068 735 3134 gratia
748 3068 794 3120 bei
808 3073 835 3120 et
848 3067 1035 3121 misericordia
1053 3068 1082 3119 in
1103 3072 1212 3120 sanctos
1223 3067 1283 3133 ejus

87 3162 232 3229 etrespectus
254 3167 282 3217 in
304 3166 407 3218 electos
425 3167 509 3219 illius.
524 3168 647 3233 cumque
669 3173 709 3220 tot
720 3167 819 3232 gaudia
832 3169 860 3220 in
874 3170 1027 3234 praesentia
1049 3169 1169 3234 episcopi
1183 3169 1282 3223 eborea

86 3259 177 3316 eoelestis
188 3266 340 3330 exhiberet,
354 3265 388 3318 ad
401 3266 553 3331 perlectum
567 3267 810 3334 supplendumque
828 3270 911 3322 totius
928 3274 1038 3321 sanctae
1057 3268 1188 3321 ccclesiae
1205 3280 1283 3334 prae·

10 3372 26 3404 τ
40 3352 43 3357 ’
55 3344 75 3400 lt
86 3355 156 3413 silium
172 3372 278 3418 sarrctos
297 3373 486 3418 antecessores
505 3381 568 3419 suos
586 3367 739 3434 episcopos,
753 3371 888 3429 Maurum,
907 3368 1058 3431 salvinum,
1072 3371 1221 3432 Aratorem,
1234 3366 1281 3419 ille

22 3464 35 3535 ,t
81 3465 208 3515 ausurum
221 3470 334 3517 senatus
348 3465 486 3529 revelavit,
500 3478 617 3531 quorum
632 3472 710 3519 crant
722 3468 749 3518 in
762 3467 876 3534 collegio
890 3481 939 3520 suo
952 3467 1070 3531 animae,
1082 3480 1197 3533 corpora
1215 3480 1280 3520 vero

10 3542 26 3645 ῥ’
79 3560 145 3612 terrac
156 3563 256 3616 credita
268 3566 296 3615 in
310 3565 464 3629 ignorantia
476 3565 646 3618 celabantur.
662 3568 731 3619 llaec
745 3580 870 3632 munera,
885 3568 952 3620 haec
963 3571 1018 3620 tam
1031 3568 1149 3633 pretiosa
1159 3567 1279 3633 symbola

71 3655 183 3711 caelestes
204 3660 326 3726 hospites
344 3662 449 3714 concivi
470 3667 497 3714 et
520 3664 617 3730 hospiti
638 3678 688 3717 suo
710 3665 739 3717 in
760 3664 945 3717 munificentia
968 3665 1149 3730 reliquerunt.
1168 3668 1279 3719 Peeoata

66 3757 162 3825 quippe,
175 3775 244 3827 quae
256 3769 386 3827 separant
398 3764 470 3816 inter
489 3766 573 3816 beurn
591 3769 619 3816 ct
637 3763 773 3827 homines,
788 3769 901 3816 eatenus
914 3764 963 3815 has
975 3763 1134 3830 margaritas
1146 3764 1280 3830 pretiosas

10 3848 45 3916 δ
56 3872 73 3911 a
90 3859 193 3912 mnibus
205 3868 232 3913 et
244 3863 336 3926 porcis
348 3863 465 3914 inveniri
479 3863 691 3927 prohibuerunt,
700 3862 748 3914 sed
759 3875 869 3914 servum
878 3875 958 3915 suum
972 3860 1081 3914 fidelem
1094 3864 1167 3915 hunc
1176 3863 1280 3917 honore

53 3961 162 4014 donavit
184 3967 210 4013 et
233 3961 267 4013 ad
296 3963 480 4027 provisionem
506 3963 680 4014 saeculorum
706 3963 880 4027 sequentium
904 3968 1012 4015 sanctos
1036 3962 1186 4027 proaedere
1210 3963 1279 4017 siout

46 4059 153 4128 placuit
173 4061 318 4113 ordinavit.
332 4063 416 4128 lgitur
434 4067 495 4126 post
513 4061 696 4114 visitationem
716 4068 770 4114 tarn
789 4063 952 4128 mirabilem,
967 4077 1028 4115 cum
1050 4063 1096 4115 lux
1109 4068 1137 4115 et
1147 4063 1237 4130 angeli
1249 4065 1278 4116 in

42 4159 126 4214 eaelo
146 4169 174 4211 sc
195 4161 375 4227 recepissent,
397 4161 436 4212 illi
457 4160 505 4227 qui
526 4161 653 4214 cubiculo
674 4162 755 4214 simul
776 4163 895 4227 inerant,
914 4167 988 4215 tanto
1009 4162 1116 4215 attoniti
1133 4161 1276 4227 miraculo,

38 4271 135 4329 paene
147 4260 288 4311 exanimes
301 4265 366 4310 sunt
380 4257 479 4312 redditi
493 4266 597 4314 terrore
608 4258 712 4313 divino.
727 4262 830 4324 Quibus
847 4266 958 4314 sanctus
970 4261 1017 4313 liei
1030 4261 1177 4313 fortissima
1190 4262 1276 4314 incre-

10 4376 15 4416 ι
35 4361 156 4430 mdonc
177 4360 319 4424 prohibuit
341 4373 376 4412 ne
397 4360 446 4412 ulli
466 4362 608 4413 hominurn
631 4362 697 4413 haee
718 4361 836 4414 dicendo
849 4362 1023 4428 publicarent
1033 4360 1164 4426 quamdiu
1176 4362 1234 4426 ipse
1246 4361 1276 4414 in

32 4462 111 4512 vitae
126 4459 206 4524 hupus
227 4458 368 4511 curriculo
389 4465 570 4525 permaneret.
584 4463 638 4512 Nos
654 4473 728 4527 ergo,
742 4474 775 4513 co
792 4462 847 4526 jam
870 4461 983 4513 meliore
1004 4460 1057 4512 vita
1072 4463 1207 4526 suscepto,
1219 4460 1275 4525 p'am

28 4560 67 4614 ad
83 4557 201 4626 patriam
223 4557 367 4611 felicitatis
387 4561 513 4611 aeternae
530 4557 673 4624 perducto,
688 4571 784 4611 secure
804 4558 839 4611 dc
859 4563 914 4611 tarn
935 4558 1054 4622 gloriosa
1075 4556 1229 4611 visitatione
1241 4559 1275 4610 ad
