3082 5498
258 327 353 378 amu.
371 328 456 379 aar.
476 329 590 379 rarus
616 348 654 358 -
672 329 826 379 arpano.
845 331 892 379 au
909 329 987 379 cop.
1007 330 1046 378 n.
1064 331 1096 378 n.
1118 320 1190 377 1510.
1287 311 1353 377 463

125 507 194 546 ,ιιηο
207 496 237 546 in
250 493 342 562 vigilia
354 495 440 547 sancti
461 496 612 549 wenceslai
634 497 769 562 martyris,
783 510 853 563 quae
874 496 925 548 fuit
937 508 1013 548 xxvn
1026 496 1127 548 mensis
1139 495 1311 561 septembris,
1324 495 1353 548 in

125 593 224 659 apella
248 606 320 646 nova
341 594 465 660 ejusdem
487 596 630 660 eeclesiae,
644 596 695 647 sub
714 596 825 649 nomine
846 600 873 647 et
891 595 1024 648 vocabulo
1044 593 1109 646 dicti
1127 595 1213 647 sancti
1226 594 1353 661 martyris

125 705 185 744 nnc
198 693 345 755 intitulata,
360 693 510 747 bonurillce
522 694 667 748 collectum
680 699 709 748 et
721 694 811 762 dignis
823 692 1009 747 uenerandum
1022 693 1174 759 praeconiis
1186 698 1214 747 et
1224 693 1352 748 laudibus

125 790 314 844 :xcolendum
329 793 425 857 Utique
448 795 517 845 lteus
538 794 607 858 ipse,
622 795 692 847 sicut
712 793 877 846 miraculose
899 792 1033 858 disposuit
1055 792 1157 845 dictum
1180 797 1304 846 sanctum
1326 798 1353 846 et

127 889 279 942 enerabile
298 891 382 943 sancti
404 891 569 958 sigismundi
593 898 676 957 caput
697 893 726 943 in
750 893 835 957 ipsam
864 897 985 944 sanctam
1016 891 1159 944 transferri
1182 892 1348 958 pragensem

125 989 278 1055 eclesiam,
292 990 328 1041 ita
349 989 435 1042 voluit
455 1003 506 1056 per
526 1003 620 1055 preces
641 996 669 1043 et
689 991 785 1043 merita
805 990 870 1042 dicti
892 990 979 1042 sancti
999 989 1099 1056 populu
1112 977 1158 1043 liei
1176 995 1349 1055 peccatorum

125 1088 312 1140 emissionem
335 1089 534 1155 sanitatemque
555 1091 700 1155 utriusque
721 1090 839 1142 bominis
860 1087 994 1142 beneficia
1018 1095 1160 1162 recepturo
1182 1089 1303 1142 tribucre
1327 1093 1354 1142 et

125 1187 237 1251 lunare,
252 1201 430 1254 pereamque
452 1192 576 1241 sanctum
598 1189 728 1241 miracula
749 1202 880 1242 exercere
892 1195 919 1242 et
929 1189 1085 1254 ostendere,
1098 1195 1128 1242 ut
1146 1188 1272 1243 laudetur
1284 1189 1354 1242 sicut

125 1289 158 1337 at
173 1287 204 1338 in
218 1286 276 1342 suis
289 1287 391 1339 sanctis
403 1289 474 1339 beus
488 1286 622 1339 mirabilis
637 1293 720 1353 atque
732 1298 857 1353 maguus.

148 1384 299 1437 Primum
321 1385 519 1438 miraculum.
534 1413 568 1423 -
587 1389 678 1453 Nuper
697 1385 834 1452 siquidem
862 1386 891 1437 in
914 1384 960 1438 die
985 1386 1045 1437 festi
1070 1387 1155 1438 sancti
1178 1385 1353 1451 wenczeslai,

125 1495 208 1537 rxvm
218 1483 285 1535 dicti
299 1485 411 1547 mensis,
424 1484 491 1537 dum
504 1484 636 1537 matutina
652 1485 679 1537 in
693 1485 751 1550 ipsa
764 1485 891 1552 pragensi
909 1485 1024 1537 ecclesia
1037 1490 1184 1553 agerentur
1196 1484 1294 1550 olllcia,
1306 1484 1353 1538 lux

125 1597 221 1652 nagna
235 1585 270 1638 de
282 1585 358 1639 caelo
380 1583 553 1650 resplenduit
573 1594 600 1639 et
617 1586 769 1652 descendit,
783 1598 854 1653 quae
876 1585 954 1651 quasi
974 1591 1060 1639 totam
1073 1591 1173 1638 terram
1190 1586 1315 1639 boemiae
1327 1589 1354 1638 et

125 1684 273 1738 nonnullas
286 1685 353 1737 alias
365 1685 521 1750 provincias
533 1686 558 1738 ei
572 1686 688 1747 vicinas,
701 1686 781 1739 sicuti
802 1684 946 1738 sufficienti
968 1685 1125 1739 testimonio
1145 1698 1241 1739 sumus
1254 1682 1353 1748 edocti,

125 1788 145 1836 et
157 1784 305 1850 signanter
317 1787 479 1850 pragensem
500 1784 655 1850 ecclesiam,
669 1784 834 1837 illuminavit
853 1797 930 1837 more
942 1784 1059 1837 mirabili
1072 1789 1155 1850 atque
1172 1796 1281 1851 magno,
1294 1789 1325 1836 ut
1336 1783 1355 1834 ii

125 1881 169 1947 qui
192 1880 232 1933 ibi
252 1887 318 1933 tunc
335 1881 451 1933 aderant
471 1887 564 1947 aperte
588 1887 786 1950 cognoscerent
805 1866 866 1934 earn
885 1881 973 1934 lucem
995 1881 1171 1935 descendisse
1192 1894 1240 1947 per
1257 1880 1354 1932 merita

125 1980 208 2045 buius
219 1980 317 2044 sancti,
330 1985 357 2032 et
376 1988 407 2032 ut
426 1985 659 2048 cognoscerentur
680 1981 793 2046 mystica
815 1981 970 2034 futurorum
991 1979 1156 2046 praenuntia
1176 1992 1208 2034 ac
1225 1991 1354 2048 praesaga

125 2091 175 2131 uec
190 2091 248 2131 non
261 2078 405 2132 relevatrix
416 2081 578 2135 meritorum
589 2082 676 2133 sancti
688 2080 854 2149 Sigismondi
867 2080 990 2146 praefati.

154 2177 190 2228 11
202 2176 404 2236 lumniam.
418 2180 556 2244 —ltaque
569 2179 636 2232 feria
653 2191 687 2245 ιν,
702 2180 789 2244 prima
804 2177 932 2231 videlicet
943 2178 988 2230 die
1000 2178 1129 2240 octobris,
1144 2176 1256 2244 quidam
1268 2177 1354 2231 famu·

125 2272 177 2336 lus,
202 2276 314 2329 nomine
342 2277 587 2337 circumsione
612 2278 736 2346 cognitus
762 2277 920 2329 incivitate
948 2277 1148 2343 pragensium
1170 2276 1354 2342 ponderosum

125 2371 232 2441 lignum
252 2375 349 2440 pedem
370 2389 457 2428 unum
477 2377 644 2430 contriverat
664 2376 781 2430 totaliter
797 2382 824 2428 et
846 2388 894 2442 per
916 2374 1037 2428 medium
1050 2375 1176 2444 fregerat,
1189 2381 1287 2429 utnon
1301 2377 1354 2428 nisi

125 2486 174 2536 per
186 2474 417 2528 sustentationem
429 2474 599 2540 baculorum,
614 2476 661 2528 scd
674 2474 829 2537 difficulter,
843 2480 949 2540 poterat
961 2475 989 2526 in
1007 2487 1062 2527 unu
1081 2474 1150 2540 pede
1163 2475 1275 2540 moveri,
1288 2473 1355 2528 dum

125 2583 177 2638 >pe
199 2571 369 2625 medicorum
391 2574 564 2640 aliquatenus
582 2576 670 2640 juvari
691 2587 747 2627 non
771 2580 872 2640 posset,
894 2572 1064 2627 confidenter
1089 2574 1244 2640 sepulcrum
1268 2575 1353 2627 sancti

125 2671 253 2736 nar-tyris
271 2671 445 2740 sigismundi,
457 2674 536 2738 cuius
556 2674 731 2726 famulatibus
750 2673 826 2739 prius
837 2674 970 2726 existebat
983 2673 1107 2736 devotus,
1120 2673 1195 2739 adiit,
1209 2677 1239 2726 ut
1251 2674 1274 2725 si
1287 2679 1355 2726 tota·

127 2782 177 2822 em
191 2781 250 2821 non
263 2777 353 2834 posset
365 2770 489 2841 obtinere
509 2771 625 2824 salutem
647 2772 802 2838 hujusmodi
820 2772 957 2834 laesionis,
972 2772 1117 2839 aliqualem
1138 2772 1233 2825 saltem
1256 2771 1356 2826 alleva·

125 2869 227 2923 ionem
249 2870 373 2935 accipere
394 2876 555 2924 mereretur.
578 2874 647 2924 lieus
668 2885 743 2933 vero,
762 2872 809 2938 qui
831 2871 925 2923 merita
946 2871 1098 2937 supplicum
1120 2872 1227 2924 excedit
1244 2876 1271 2923 et
1283 2874 1353 2935 vota,

125 2972 262 3021 autorum
283 2970 411 3033 precibus
433 2983 545 3022 suorum
567 2971 716 3024 inclinatur
735 2975 902 3034 sanctorum,
924 2971 1055 3035 quoniam
1076 2982 1126 3036 per
1146 2970 1278 3023 devotum
1299 2969 1351 3021 sibi

125 3066 256 3133 ›opulum
269 3067 297 3118 in
312 3068 392 3120 terris
404 3073 432 3121 et
445 3069 606 3121 militantem
629 3069 775 3122 Ecclesiam
795 3069 852 3121 suis
873 3068 1025 3121 honoratur
1045 3069 1073 3120 in
1096 3069 1208 3132 sanctis,
1222 3081 1284 3121 mox
1307 3081 1356 3134 per

125 3166 222 3225 uetita
234 3165 299 3217 dicti
312 3167 399 3218 sancti
412 3167 514 3219 laesum
527 3169 616 3233 ipsum
630 3169 669 3219 sic
682 3169 786 3220 sanavit
797 3173 837 3230 ut,
852 3167 954 3219 relictis
965 3166 1038 3231 apud
1049 3166 1206 3232 sepulcrum
1223 3172 1356 3218 sustenta-

125 3263 194 3317 culis
216 3265 274 3317 suis
295 3265 391 3332 ligneis
409 3279 480 3332 quae
498 3267 624 3333 babebat,
639 3280 723 3320 sanus
744 3267 844 3319 abinde
866 3266 1015 3332 recederet,
1030 3266 1173 3318 bominum
1192 3270 1218 3318 et
1231 3272 1354 3317 sanctum

125 3363 328 3428 iigismundum
342 3364 522 3432 magnificans
532 3372 559 3417 et
572 3364 700 3419 adorans.

151 3463 204 3513 111
224 3461 426 3540 mulum.
447 3465 516 3516 -0
538 3463 735 3524 venerandum,
757 3465 906 3530 pretiosum
927 3468 954 3516 et
975 3445 1111 3516 ineffabile
1135 3461 1249 3527 donum,
1271 3441 1356 3515 ¹omne

127 3560 293 3614 nfirmitatis
305 3563 449 3624 auxilium,
463 3564 549 3615 sancti
562 3562 725 3630 sigismundi
739 3564 921 3628 corpusquis
934 3561 1040 3614 dubitet
1053 3562 1254 3614 sanctissimum
1262 3567 1353 3627 patro

125 3673 193 3712 rum
209 3664 332 3712 nostrum
345 3663 546 3715 wenczeslaum
560 3661 633 3727 apud
646 3666 731 3715 lieum
744 3668 869 3714 sanctum
882 3661 1085 3728 sigismundum
1097 3661 1148 3713 sibi
1161 3661 1314 3715 obtinuisse
1327 3661 1356 3712 in

125 3757 242 3818 socium,
254 3758 301 3824 qui
313 3757 402 3811 adbuc
415 3761 519 3824 positus
531 3760 560 3811 in
574 3761 700 3812 humanis
712 3761 763 3812 sibi
778 3760 932 3825 impetravit
944 3765 970 3812 et
981 3760 1117 3813 ricumio
1130 3765 1258 3813 sanctaet
1268 3758 1356 3812 fidelis

125 3856 251 3918 societas,
265 3870 336 3923 quae
356 3857 432 3912 nullu
451 3859 537 3923 potuit
548 3859 642 3912 violari
665 3860 822 3922 certamine,
837 3872 962 3925 quaeque
981 3858 1099 3911 adunata
1112 3858 1283 3924 corporibus,
1304 3871 1355 3924 pro

125 3955 236 4008 ielictis
256 3957 419 4022 populorum
440 3963 524 4010 staret
546 3964 573 4010 et
594 3964 694 4011 mente.
709 3962 729 4011 0
743 3959 806 4011 felix
827 3962 855 4011 el
875 3962 969 4010 sancta
992 3958 1133 4022 pragensis
1146 3958 1271 4018 ecclesia,
1284 3971 1356 4023 quae

125 4062 234 4108 tantum
247 4059 287 4107 tut
299 4061 454 4109 sanctorum
474 4058 601 4123 pretiosis
622 4057 746 4111 meruisti
771 4057 911 4124 possidere
932 4056 1077 4109 thesauris.
1090 4056 1182 4109 Gaude
1200 4062 1228 4108 et
1240 4061 1278 4118 tu,
1291 4056 1355 4108 felix

125 4154 248 4216 poema,
261 4167 331 4220 quae
344 4156 429 4208 babes
440 4156 538 4209 afflicta
551 4156 742 4222 multiplicatos
755 4170 805 4223 pro
815 4163 841 4209 te
855 4158 1053 4209 intercessores
1064 4153 1098 4207 ad
1111 4156 1267 4207 Dominum.

156 4255 225 4306 1111
247 4253 449 4330 Hiraeulum.
473 4255 625 4309 --uadem
649 4257 693 4311 die
719 4257 836 4309 adducta
860 4258 993 4322 quaedam
1019 4257 1126 4320 mulier,
1152 4256 1296 4307 llatlrenna
1321 4254 1355 4307 de

125 4352 278 4414 lizaslania,
291 4357 354 4405 nota
366 4367 381 4405 a
394 4355 495 4419 multis,
509 4357 650 4407 retroactis
675 4354 769 4408 multis
790 4357 870 4408 annis
891 4361 1029 4409 contracta
1053 4353 1169 4421 paralysi
1191 4359 1217 4406 et
1234 4358 1354 4415 curvata,

125 4455 168 4507 >ui
190 4459 320 4504 terrenus
340 4453 461 4506 medicus
483 4454 634 4506 remedium
656 4467 712 4508 non
734 4456 839 4522 tribuit,
861 4454 894 4508 ad
916 4456 1032 4508 caeleste
1052 4454 1125 4505 illius
1146 4450 1233 4504 saneti
1254 4450 1353 4504 medici

125 4549 293 4620 sigismundi
307 4550 461 4616 sepulcrum
473 4554 596 4620 veniens,
610 4559 744 4618 prostrata
757 4554 893 4606 orationes
906 4552 1017 4606 devotas
1031 4550 1119 4604 fundit
1131 4564 1193 4603 cum
1206 4549 1305 4602 fiducia
1318 4551 1352 4604 ad
