3082 5498
307 344 401 395 aran.
420 345 504 395 nnn.
523 344 640 395 ennrs.
660 343 799 394 -oon
818 341 907 394 raooa.
1172 333 1234 399 l8l

129 528 162 578 rs,
180 514 315 568 itobertus
332 517 511 567 treverorum
530 514 761 580 archiepiscopus,
779 515 911 567 ilenricus
936 515 1161 570 viridunensium
1182 519 1238 585 cpi-

129 627 231 680 :orpora
249 620 406 666 sanctorum
425 614 543 667 lledardi
557 620 584 666 et
596 613 725 667 Gildardi.
745 616 839 666 Postea
857 627 904 666 rex
921 616 1034 668 llarolus
1052 621 1080 669 el
1096 615 1240 671 Auldricus

129 727 137 765 e
159 713 311 766 senonicae
332 713 570 778 metropolitanus,
589 715 672 764 Jonas
690 713 896 765 Aurelianensis
913 713 1067 780 episcopus,
1089 716 1240 781 llengarius

129 813 199 863 ensis
210 813 355 877 episcopus
373 817 529 863 sanctorum
543 811 695 863 sebastiani
714 816 741 862 et
757 811 876 878 Gregorii
896 824 1010 879 corpora
1028 811 1162 867 detulere.
1176 814 1238 878 Qui·
1311 803 1316 812 ’

129 912 288 976 enientibus,
301 911 504 976 praedictorum
517 923 633 975 corpora
646 915 804 962 sanctorum
823 910 943 962 lledardi
956 916 984 963 et
999 911 1119 963 Gildardi
1133 915 1239 965 cunctis

130 1024 162 1061 us
175 1017 316 1063 cesserunt
328 1010 452 1075 partibus
465 1017 492 1061 et
505 1010 532 1060 in
546 1010 676 1061 societate
689 1013 822 1074 ceperunt
834 1010 954 1075 propria,
969 1010 1018 1062 ulii
1036 1011 1127 1063 divina
1139 1010 1240 1065 cotidie

129 1115 171 1161 tur
184 1110 309 1174 mysteria
328 1109 361 1161 ad
375 1108 485 1160 laudem
504 1108 610 1161 bomini
630 1108 717 1160 nostri
734 1109 800 1160 Jesu
818 1108 927 1163 Christi.
943 1110 1000 1173 Quo
1018 1109 1076 1162 viso
1093 1122 1142 1163 rex
1160 1111 1241 1164 mira-

129 1210 206 1261 rdans
218 1211 301 1261 lleum
320 1209 348 1260 ln
361 1209 463 1260 sanctis
481 1209 548 1272 suis,
562 1208 648 1260 dixit:
665 1207 805 1261 Glorioae
827 1220 887 1261 rem
904 1211 1096 1276 sanctorum,
1117 1211 1152 1262 tu
1165 1211 1240 1276 pla-

136 1308 341 1370 scecutorum,
355 1309 385 1360 te
402 1308 509 1360 decent
521 1307 696 1373 praecocia
708 1308 841 1361 odarum
853 1307 1033 1375 mopnifica,
1047 1308 1103 1375 qui
1114 1310 1237 1362 sanctos

129 1403 219 1472 specis
231 1409 324 1473 atque
340 1405 510 1459 virtutibus
522 1407 637 1471 dottam
657 1408 687 1458 te
697 1406 798 1458 verbis
808 1406 951 1474 ptorifico
968 1408 998 1459 et
1016 1406 1049 1458 in
1064 1409 1093 1459 te
1104 1406 1241 1474 firmiter

129 1507 198 1565 ditia
210 1518 271 1559 non
285 1505 404 1558 timebit
415 1508 504 1557 tuam
517 1504 727 1558 inedicibilem
745 1504 962 1571 maiestatem?
982 1507 1104 1559 Caelum
1117 1505 1242 1560 turbine

141 1604 349 1671 animaeque
364 1603 551 1671 puber-nanc,
567 1604 700 1656 viventes
718 1616 846 1670 corpore
862 1616 1002 1669 servam,
1015 1604 1240 1671 requiescentes

129 1715 289 1756 emanere
300 1703 416 1757 ditatos
435 1703 470 1754 ilc
482 1705 633 1769 promptae
650 1703 781 1755 assidete
797 1702 966 1756 miraculis
983 1703 1188 1757 demonstras.
1207 1706 1241 1757 llt

129 1803 293 1867 affliximus
315 1803 457 1856 beatorum
478 1814 592 1868 corpora
614 1802 730 1867 propriis
752 1803 874 1854 humeris
894 1801 1088 1854 serenissimus
1109 1816 1157 1855 rex
1175 1816 1238 1856 oum

129 1903 281 1954 oneratione
304 1903 449 1956 transtulit.
476 1905 590 1967 insuper
613 1907 641 1954 ct
665 1901 741 1954 villas
769 1915 840 1967 quae
861 1907 1056 1967 nuncupantur
1076 1902 1239 1968 carisiacus,

129 2015 161 2066 is,
175 2003 288 2068 trenas,
302 2003 330 2053 ln
342 2015 409 2069 pago
423 2002 525 2063 Tellao,
537 2015 598 2053 cum
612 2001 741 2054 omnibus
754 2000 934 2067 appendiciis,
948 2007 975 2053 et
988 2003 1144 2068 Bernaoam,
1158 2000 1240 2055 rebus

129 2101 274 2153 aecclesiae
286 2113 335 2165 per
347 2099 467 2152 edictum
479 2099 584 2152 addidit
595 2100 647 2152 sub
660 2101 832 2152 anathemate
844 2105 871 2152 et
884 2100 1077 2165 astipulamine
1098 2101 1162 2154 pp.
1173 2100 1240 2154 duo·

129 2213 282 2267 scoporum.
299 2200 344 2251 llis
358 2200 393 2251 ita
406 2200 531 2265 peractis,
553 2202 716 2251 ilemensenr
728 2200 824 2252 urbem
840 2200 925 2265 petiit.

129 2304 168 2350 ‚et
177 2298 248 2350 illud
261 2299 422 2351 miraculum
433 2300 580 2351 memoriae
593 2298 841 2351 commendandum
855 2299 928 2366 quod
940 2298 1040 2351 Christi
1050 2303 1143 2351 sancta
1155 2299 1241 2365 pietas

129 2399 174 2449 ivit
187 2399 215 2449 in
228 2398 313 2450 Gallia
327 2410 377 2463 pro
390 2402 546 2449 sanctorum
565 2397 684 2464 Gregorii
698 2402 726 2449 et
742 2397 894 2450 sebastiani
908 2397 1021 2450 meritis.
1037 2400 1067 2448 ln
1080 2397 1150 2450 ualle
1162 2399 1240 2449 Sues-

129 2497 272 2549 3lotlrarius
290 2509 337 2549 rex
352 2496 467 2549 bomino
480 2496 632 2548 construxit
651 2496 847 2548 monasterium
863 2496 939 2549 omni
956 2509 1040 2562 opere
1058 2496 1239 2562 ditissimum;

129 2604 201 2648 ierat
213 2596 353 2648 fructifera
374 2596 455 2649 tellus
473 2595 528 2659 illa,
544 2596 668 2647 sentibus
687 2602 714 2647 et
732 2595 905 2661 serpentibus
921 2595 1011 2661 plena.
1030 2593 1069 2648 lbi
1086 2596 1240 2662 scirporum

129 2695 311 2747 redundantia
325 2707 374 2761 pro
387 2695 524 2747 frumento
538 2701 564 2746 et
578 2695 710 2747 trimense
723 2693 798 2746 cardi
811 2700 897 2748 erant.
911 2693 1009 2747 Audite
1020 2706 1067 2747 vos
1079 2694 1240 2747 miraculum

129 2795 201 2857 patris
213 2795 353 2849 eximium.
370 2795 400 2846 ln
418 2794 537 2847 adventu
555 2794 718 2846 sanctissimi
739 2793 892 2846 sebastiani
910 2793 1037 2859 martyris
1058 2797 1139 2860 atque
1156 2806 1242 2860 papae

130 2893 232 2960 itugam
244 2899 377 2959 ceperunt
389 2894 504 2955 colubri,
515 2892 630 2945 efficitur
643 2893 783 2945 tructilera
793 2892 870 2944 vallis
879 2892 925 2944 illa
939 2890 1112 2957 suessonica,
1126 2892 1241 2946 efficitur

137 3000 160 3043 et
172 2995 298 3046 arborum
313 2995 399 3058 copia.
415 2994 490 3045 Unde
503 2992 591 3044 adbuc
605 2991 761 3058 promiscua
775 3006 841 3058 gens
860 2992 942 3044 refert
957 2992 1062 3043 cantica
1074 2997 1100 3043 el
1110 2993 1200 3044 cordis
1212 2994 1240 3045 in

129 3092 240 3145 claudes
252 3100 351 3145 sonant
364 3105 426 3144 cum
440 3106 552 3158 organo.

275 3196 336 3258 Vos,
351 3194 456 3255 iratres,
471 3194 562 3244 cuncti
576 3193 614 3244 sic
626 3204 737 3256 semper
748 3197 838 3242 mente
851 3190 924 3243 ltdeli

273 3295 304 3344 nt
315 3294 389 3345 vocis
399 3293 487 3358 jubilo
502 3292 557 3358 regi
570 3292 642 3343 bene
655 3291 760 3356 psallite
774 3290 892 3353 Christo,

277 3394 305 3443 ln
319 3406 373 3458 (pro
383 3394 438 3457 jann
452 3392 537 3443 sancti
553 3391 692 3456 praeclaro
706 3390 808 3441 lumine
822 3390 922 3453 compti

278 3491 373 3542 vivunt
385 3496 412 3543 et
425 3503 523 3553 magno
536 3489 713 3542 dominantur
726 3489 839 3540 numine
852 3487 964 3552 mundo,
1016 3495 1022 3505 ·

276 3589 408 3655 Quodque
419 3590 513 3642 volunt
525 3590 637 3650 iaciunt,
651 3589 766 3640 miseros
777 3588 877 3653 pietate
890 3587 1029 3639 resolvunt

278 3690 385 3740 vinctos
399 3687 494 3740 inliciti
509 3701 590 3753 prato
604 3686 637 3739 de
651 3687 772 3751 pondere
784 3687 856 3739 lacti.

491 3874 773 3886 ————

213 4133 367 4220 nilon.
395 4131 520 4219 dodex
540 4131 728 4241 signatus
749 4153 862 4216 num·
889 4125 1038 4216 13092.

129 4366 248 4421 >Recidit
261 4367 516 4421 Sciat-Gereonio
528 4368 586 4418 983.

129 4476 188 4518 uum
201 4468 313 4520 omnino
330 4470 384 4531 lib,
397 4480 430 4518 cx
444 4467 592 4517 multorum
614 4463 741 4517 codicum
764 4462 870 4514 laciniis
883 4465 1040 4527 compactus
1052 4457 1176 4511 divorsae
1189 4457 1241 4510 sor-

138 4569 236 4621 aetatis.
