3076 5498
241 95 284 161 26
588 116 713 168 curun.
733 119 834 170 sono.
856 121 1134 173 subrodatur.

241 281 327 335 titudo
342 283 451 337 beatum
465 284 552 338 virum
572 287 780 353 Cbryostomurn
797 290 950 342 iohannem
965 278 1028 344 eum
1047 291 1140 358 legatis
1158 289 1347 358 augustalibus
1364 287 1460 341 honori

243 379 302 448 fiee,
321 382 456 437 clamabat
476 386 523 437 ei:
544 386 618 446 onis
637 401 704 453 nos,
723 400 740 442 ο
756 391 861 456 pater,
882 390 973 445 inicis
994 393 1180 445 sanctornm
1198 389 1417 444 doctrinarum
1441 406 1538 432 r÷-=

242 493 350 535 metesa
366 480 482 536 Christi
492 485 579 539 dulci
589 488 698 540 amodo
711 489 886 544 recreabit?
904 491 1007 555 Quibus
1025 491 1084 557 ipse
1105 491 1144 543 ait
1161 507 1167 542 ι
1185 489 1283 558 Ofilii
1294 488 1366 554 mei,
1379 486 1461 542 mnne·

238 583 359 648 potenti
370 584 400 635 et
410 583 556 637 ammenti
567 586 625 638 Deo
638 598 691 640 ons
704 599 809 642 omnes
830 590 1018 643 commendo.
1031 591 1128 642 Derim
1149 589 1352 654 omniojuste
1372 587 1469 653 dispo

241 683 374 746 nentem,
388 682 439 735 cni
451 681 506 738 boc
518 683 553 736 in
563 687 725 752 meptocel
733 687 815 755 fieri,
829 689 900 754 qnia
912 688 1090 754 diiudicare
1101 689 1231 753 audeat,
1245 689 1292 741 oet
1314 687 1386 754 quis
1398 687 1470 740 reet-

242 779 297 833 stit
312 780 365 832 itti
375 781 388 834 l
398 782 517 835 Bonam
530 785 654 837 tanturn
667 786 856 840 oolrrntntem
870 790 881 839 i
884 788 958 841 ltine
970 786 1055 855 facto
1067 789 1261 855 complentes,
1275 786 1426 854 confidite
1442 785 1455 837 i
1532 805 1538 812 ¹

242 893 287 947 eo,
296 883 328 934 et
336 882 492 947 tue[bt]tur
504 897 555 936 oos
564 897 584 937 a
592 885 703 951 pranis
712 899 750 940 ac
759 888 872 941 ditabit
881 888 977 942 bonis.
990 889 1130 943 Gaudete
1137 891 1251 949 tamar,
1259 887 1289 940 si
1299 886 1385 940 nobis
1395 883 1532 953 fortae

243 982 279 1033 nt
300 981 414 1048 dicitis,
428 981 499 1050 fni,-
511 984 659 1050 quoniam
680 987 761 1052 quod
778 987 937 1041 abelleno
958 988 1124 1055 quaeritur
1140 987 1270 1055 populo,
1284 985 1414 1039 hauriri
1433 997 1536 1038 oe—

243 1083 412 1135 stromat.
425 1083 471 1135 iiis
489 1084 575 1149 ipsius
587 1085 677 1139 verbis
690 1086 857 1154 refrigeratis
868 1088 1072 1154 quodammodo
1085 1087 1184 1140 animis
1203 1087 1269 1153 suis,
1284 1086 1462 1139 valefaciente
1501 1119 1538 1128 ι

244 1181 280 1247 11,
293 1182 409 1249 regressi
421 1187 485 1236 sunt
505 1183 539 1236 ad
560 1187 678 1252 propria,
693 1188 772 1253 quasi
790 1188 900 1253 quidam
918 1187 1017 1240 milites
1038 1200 1071 1240 ex
1092 1186 1188 1240 castris
1205 1185 1310 1252 absque
1320 1184 1456 1238 victricib
1498 1216 1538 1227 a

243 1280 336 1334 armis.
349 1282 465 1335 Sanctus
476 1287 567 1336 autem
580 1289 656 1350 pater
667 1293 761 1338 noster
772 1287 981 1352 chrysostomus
999 1287 1149 1348 iohannes,
1163 1298 1223 1338 cum
1247 1284 1395 1338 comitibus
1411 1283 1527 1350 suis„

244 1381 339 1449 legatis
350 1382 431 1448 regis,
442 1383 661 1436 ministrantibus
672 1385 724 1437 sibi
736 1391 767 1437 ut
778 1386 869 1438 solent
881 1385 992 1439 domino
1005 1386 1109 1452 proprii
1122 1385 1278 1438 ministrare
1290 1384 1373 1445 servi,
1385 1395 1524 1435 aseen-

242 1479 284 1532 dit
295 1481 567 1549 constantinopolim,
582 1489 720 1550 tamquam
742 1485 782 1537 sol
801 1485 970 1538 clarissimus
982 1486 1142 1538 illuminans
1154 1485 1280 1538 detrusos
1302 1484 1331 1537 in
1344 1482 1511 1536 tenebris..

242 1581 327 1643 Quem
339 1593 476 1632 mmmum
492 1581 581 1634 virum
595 1583 631 1653 ita
649 1596 711 1636 cum
725 1584 829 1651 ingenti
842 1585 948 1637 bonore
960 1590 986 1637 et
998 1583 1098 1652 gaudio
1111 1583 1197 1635 multo
1209 1581 1330 1646 suscepit
1342 1579 1473 1633 Arcadius
1508 1612 1538 1621 ψ

244 1678 393 1744 imperator
404 1679 587 1747 universaque
606 1681 857 1747 constantinopolis
877 1682 970 1735 civitas
990 1687 1129 1748 tamquam
1142 1694 1158 1734 a
1170 1682 1224 1733 beo
1242 1680 1359 1732 missurn
1371 1691 1404 1731 ac
1420 1678 1470 1731 sibi

244 1777 386 1832 donatum.
400 1780 579 1833 consecratus
590 1794 655 1834 vero
664 1787 705 1834 est
717 1780 752 1834 ad
764 1780 884 1834 officium
897 1782 996 1833 summi
1010 1780 1155 1834 sacerdotii
1168 1793 1183 1832 1
1196 1778 1347 1844 rneopbtlo
1360 1776 1536 1831 Alexan—-

243 1877 325 1931 drino
342 1892 413 1945 papa
424 1883 506 1946 atque
519 1880 547 1932 in
560 1880 625 1934 sede
637 1881 939 1947 constantinopolitana
959 1881 1073 1946 locatus,
1087 1881 1134 1947 qui
1157 1878 1297 1946 quondam
1319 1876 1351 1930 in
1372 1877 1467 1930 lumbi
1505 1894 1528 1916 ι

246 1978 339 2043 patris,
352 1983 384 2030 ut
395 1981 494 2043 Aaron,
508 1978 692 2033 sanctificatus
704 1980 803 2044 luerat,
817 1978 1031 2032 sanctificandus
1043 1981 1106 2032 beo.

280 2076 329 2128 15.
345 2078 505 2131 abstinebat
515 2092 580 2132 vero
593 2079 665 2132 idem
679 2093 709 2132 se
719 2086 831 2132 sanctus
843 2080 884 2132 vir
896 2081 1036 2132 tobaunes
1047 2092 1063 2130 a
1074 2078 1136 2131 cibo
1149 2082 1176 2130 et
1194 2080 1269 2143 potu,
1282 2076 1365 2129 etiam
1378 2076 1408 2129 in
1423 2077 1506 2142 epi-

247 2181 358 2242 scopatu
371 2178 484 2243 positus,
498 2178 615 2243 amplius
626 2191 708 2244 quarn
730 2182 812 2243 ante;
826 2177 1021 2244 propterquod
1042 2190 1130 2244 paene
1150 2176 1242 2230 omnia
1264 2176 1390 2229 membra
1403 2174 1523 2228 illiuz

248 2280 394 2329 extenuata
406 2283 434 2328 et
445 2276 580 2329 desiccata
593 2283 680 2345 erant,
692 2291 779 2331 venae
792 2279 851 2343 ejus
873 2277 1048 2344 apparebant,
1062 2281 1201 2329 eontracta
1219 2276 1289 2327 cutis
1306 2274 1419 2327 ossibus
1434 2273 1482 2326 ad·

248 2377 387 2430 haerebat.
401 2377 454 2430 sed
476 2383 503 2430 et
522 2378 551 2430 in
574 2378 687 2445 reliquis
708 2379 837 2430 omnibus
858 2379 959 2430 sanctis
977 2377 1131 2444 virtutibus,
1145 2375 1286 2442 inquibus
1308 2374 1533 2440 aprimaerg

246 2481 333 2530 aetate
346 2490 398 2545 sua,
416 2477 532 2544 virebat,
545 2477 772 2531 excellentissime
792 2477 827 2530 de
849 2478 894 2530 die
915 2478 943 2529 in
964 2477 1036 2530 diem
1058 2475 1217 2544 proficiebat
1230 2480 1312 2542 atque
1335 2474 1494 2527 crescebat

245 2577 379 2643 usquead
397 2581 546 2630 extremum
559 2578 631 2630 ritae
643 2591 719 2630 suae.
733 2580 808 2631 inter
819 2590 888 2643 quas
900 2579 1022 2642 virtutes,
1035 2577 1127 2630 auimo
1145 2574 1297 2628 secundum
1309 2586 1341 2626 se
1352 2574 1525 2628 virentez

246 2676 348 2742 optime
366 2676 600 2743 amplectebatur3
623 2677 772 2729 incredulis
795 2676 925 2729 divinitus
949 2677 1078 2743 inspirata
1102 2688 1117 2727 a
1139 2673 1510 2741 [1101111ῐί1,1111111111ιί5ν

245 2779 329 2842 atque
340 2775 472 2840 apostolis
483 2774 609 2843 dogmata
621 2780 694 2827 recte
706 2774 820 2828 credere
832 2778 973 2840 Deumque
984 2775 1126 2828 verissime
1142 2774 1256 2840 diligere
1274 2772 1459 2838 persuadebat
1468 2786 1499 2839 ξ

246 2871 399 2927 diffidentes
411 2879 568 2927 constanter
580 2875 753 2939 sperantibus
765 2876 889 2940 aptabat3
901 2874 1061 2939 insipientes
1070 2874 1215 2939 sapientes,
1223 2873 1335 2940 ignaros
1347 2871 1497 2935 scientes..

247 2972 436 3040 imprudentes
455 2973 593 3039 providos,
606 2974 753 3026 obliviosos
765 2986 900 3026 memores
922 2979 948 3025 11
960 2973 1034 3026 leves
1046 2987 1130 3026 sensu
1139 2985 1234 3036 graves
1245 2971 1413 3037 exhibebat3
1427 2972 1516 3023 iraae

244 3071 350 3125 cundos
368 3080 486 3139 pacatos,
499 3085 612 3139 asperos
633 3073 719 3139 lenes,
733 3073 840 3126 invidos
859 3074 1082 3138 congratulantes
1102 3071 1329 3139 prosperitatibus
1347 3071 1465 3124 fratrum

245 3170 368 3225 odientes
380 3173 535 3238 proximum
549 3172 693 3226 dilectores
713 3173 897 3237 proximorum
918 3173 1118 3236 constituebat3
1132 3171 1241 3224 fallaces
1261 3182 1383 3237 veraces,
1398 3170 1519 3223 mali‘

245 3269 343 3337 loquos
355 3270 477 3337 silentes,
490 3271 609 3339 ingratos
622 3272 753 3338 gratiosos
770 3272 921 3338 efficiebam
936 3271 1125 3324 somnolentos
1147 3268 1300 3336 pervigiles,
1313 3268 1519 3337 pigritantes

245 3370 349 3423 bonum
363 3383 444 3423 110111
457 3371 531 3437 loqui
552 3383 601 3423 seu
623 3384 705 3438 agere
723 3373 827 3438 citatos,
842 3377 869 3424 et
890 3371 1058 3439 negligentes
1078 3368 1215 3422 studiosos
1226 3366 1361 3420 reddebat
1374 3384 1382 3432 3
1395 3368 1490 3422 corde

245 3469 329 3522 duros
342 3475 369 3521 et
380 3474 581 3536 contemptores
594 3471 667 3537 virga
679 3483 791 3536 asperae
804 3469 1001 3535 increpationis
1018 3468 1120 3521 feriens
1131 3466 1302 3534 corrigebam
1314 3466 1440 3535 virgines
1453 3467 1488 3519 in

245 3570 398 3638 virginitate
411 3582 572 3635 permanere
594 3570 738 3636 statuebat,
751 3570 947 3637 amplissimam
969 3583 1029 3622 esse
1050 3567 1122 3634 apud
1143 3569 1228 3619 licum
1245 3566 1412 3633 virginitatis
1424 3566 1480 3635 glo·

249 3671 316 3723 riam
329 3668 426 3722 studiis
437 3670 665 3736 sermonibusque
678 3669 900 3735 praecedentium
922 3674 1079 3722 sanctorum
1090 3672 1198 3733 patrum
1210 3664 1351 3718 affirmans
1361 3683 1369 3731 3
1381 3665 1514 3721 1111101111

248 3774 275 3823 11
286 3769 396 3822 bibaces
407 3769 587 3836 abstinentes,
599 3781 694 3822 avaros
707 3770 804 3836 largos,
818 3768 972 3835 superfluos
992 3767 1148 3821 moderatos
1160 3765 1301 3832 sancibat3
1315 3764 1480 3818 inhonestos

248 3874 352 3933 cautos,
374 3867 501 3922 ludentes
522 3868 701 3935 paenitentes,
722 3868 843 3920 ridentes
863 3867 987 3935 lugentes
1009 3866 1172 3931 ordinabat;
1194 3864 1353 3919 luxuriosos
1379 3870 1478 3932 castos,

249 3967 367 4034 pollutos
378 3968 505 4032 mundos,
519 3968 634 4020 miseros
645 3968 739 4020 beatos
752 3968 881 4033 iaciebnt3
895 3965 1029 4019 invalidos
1041 3965 1171 4032 ualentes,
1185 3976 1281 4031 aegros
1290 3976 1385 4030 sanos,
1400 3966 1482 4018 insta

250 4067 319 4120 biles
340 4065 416 4133 fixos,
438 4073 555 4120 maestos
577 4066 708 4119 laetantes
729 4067 894 4134 assignabat.
915 4068 986 4118 ilaec
1005 4065 1143 4129 universa,
1158 4076 1254 4117 carcre
1275 4063 1358 4130 mala,
1380 4064 1482 4118 sectari

250 4168 333 4229 bona,
346 4179 394 4221 ore
414 4165 598 4232 praedicebat,
612 4165 741 4219 fratribus
762 4172 824 4219 actu
842 4165 1014 4229 ostendebat,
1033 4171 1116 4231 atque
1132 4162 1280 4216 salvatoris
1300 4166 1431 4216 omniurn
1453 4166 1482 4219 in
1496 4172 1526 4225 tt

160 4269 191 4323 ‘.
251 4278 419 4334 unoquoque
439 4265 520 4318 tidem
542 4267 690 4320 obtinebat.
713 4267 850 4333 interque·
868 4264 1021 4318 construxit
1042 4264 1122 4317 etiam
1144 4262 1261 4328 spatiosa
1281 4260 1342 4316 loca
1363 4265 1485 4333 aegrotis

252 4373 334 4435 atque
345 4366 553 4421 advenientibus
575 4366 725 4434 peregrinis
746 4364 925 4434 excipiendis,
939 4369 967 4418 ot
986 4364 1127 4418 constituit
1143 4363 1214 4416 duos
1235 4364 1407 4418 reverendos
1425 4379 1485 4434 pre·
