3082 5498
134 306 136 310 ‘
181 305 249 371 580
523 322 648 373 curun.
669 323 771 373 cono.
790 322 966 375 unomen.
985 321 1066 370 nur.

177 497 205 550 et
219 488 382 553 multorum
398 509 435 553 cx
458 488 566 553 iisdem
588 489 701 554 sanctis
722 501 751 554 et
766 489 895 553 aliorum
918 507 1084 572 paucorum
1100 487 1131 551 in
1150 488 1212 552 illis
1228 489 1313 553 libris
1325 510 1394 574 prae·

174 593 287 677 scripta
310 608 353 658 est
380 597 626 660 commemoratio
649 598 679 659 in
696 596 802 660 divino
817 596 916 660 officio
931 594 1070 658 iacienda
1096 595 1160 659 sire
1178 615 1233 679 per
1250 597 1391 660 orationem

177 710 293 764 tautum
310 703 374 766 sire
389 703 477 766 etiam
495 724 548 787 per
564 703 723 786 legendam
739 722 793 767 seu
808 703 952 767 lectiones
965 703 1003 766 de
1017 721 1119 765 eorum
1137 703 1198 766 rita
1214 704 1264 766 vel
1286 704 1390 766 transla-

174 807 446 899 tionerecitandas.
467 811 530 875 Hoc
546 810 658 894 duplex
674 812 861 874 mentionem
875 830 972 894 genus
995 808 1132 873 distincte
1159 810 1310 875 indicasse
1325 812 1391 893 jura·

176 915 229 979 bit.
248 915 406 999 Duplicern
421 917 522 1000 itaque
536 917 723 983 confecimus
747 918 918 993 elenchum,
944 917 1069 980 alterum
1086 916 1228 981 codicum
1244 919 1293 1000 qui
1316 918 1392 982 calen-

175 1021 295 1087 darium
309 1024 462 1100 exhibent,
481 1026 609 1089 alterum
626 1044 731 1089 eorum
746 1025 799 1108 qui
815 1025 969 1089 continent
984 1026 1147 1106 Proprium
1158 1036 1331 1089 cunctorum
1352 1043 1391 1087 seu

171 1130 316 1195 lectiones
331 1133 378 1195 rel
397 1132 548 1197 orationes
562 1154 617 1216 pro
643 1144 815 1197 sanctornm
836 1131 1060 1196 festivitatibus.
1079 1131 1147 1195 Non
1174 1133 1263 1215 pauci
1288 1131 1390 1216 quiden

172 1236 294 1302 codices
320 1239 350 1302 in
375 1251 502 1322 utroque
516 1240 644 1304 elencho
660 1250 846 1324 repetuntur,
863 1258 923 1302 non
938 1250 1039 1303 tamen
1062 1256 1169 1302 omnes
1188 1257 1195 1301 :
1214 1238 1390 1322 nequeenim

170 1345 313 1410 omnibus
329 1346 488 1411 breviariis
511 1349 678 1431 praefixum
702 1359 747 1411 est
773 1347 981 1440 celendarium
1005 1359 1034 1410 et
1061 1347 1238 1411 calendaria
1260 1348 1389 1430 quaedam

173 1454 362 1535 reperiuntur
384 1455 415 1517 in
442 1455 600 1519 codicibus
626 1456 656 1517 iu
683 1455 796 1538 quihus
822 1456 923 1518 nullae
950 1455 1026 1518 aliae
1047 1454 1214 1519 memoriae
1239 1466 1389 1518 sanctomn

172 1559 322 1642 leguntur,
340 1562 394 1625 sed
409 1563 509 1625 solnm
524 1582 587 1645 ug.
608 1562 768 1643 Proprium
784 1562 820 1626 de
836 1573 969 1643 tempore
983 1562 1031 1625 vel
1048 1561 1238 1644 psalterium.
1256 1561 1337 1628 Unde
1348 1579 1391 1624 nec

170 1668 201 1730 in
218 1679 344 1751 utroque
359 1670 485 1733 elencho
501 1668 590 1732 iidem
607 1669 728 1733 codices
744 1667 852 1732 iisdem
867 1668 1001 1733 numeris
1016 1669 1124 1753 signati
1140 1681 1234 1745 sunt;
1251 1670 1329 1753 quod
1342 1687 1391 1751 quo

171 1775 265 1858 magis
277 1785 420 1859 appareat
433 1787 463 1840 et
478 1776 568 1839 simul
584 1776 704 1843 facilins
730 1776 859 1841 conferri
877 1776 1005 1840 invicem
1028 1789 1118 1859 queat
1143 1784 1307 1859 utrumque
1320 1794 1390 1838 men·

169 1882 284 1946 tionum
307 1902 416 1968 genus,
443 1884 564 1947 codices
594 1884 711 1966 utrique
740 1884 868 1947 elencho
897 1902 1074 1948 communes
1108 1883 1335 1968 designavimus
1366 1882 1390 1944 in

168 1990 273 2074 priori,
289 1990 414 2074 adjectis
435 1991 474 2054 ad
498 1991 635 2075 singulos
660 1990 793 2055 numeris
820 1991 907 2068 (intra
922 1991 1050 2055 uncinos
1076 1990 1232 2073 inclusis),
1248 1991 1354 2075 quibus
1367 1990 1391 2052 in

169 2097 326 2180 posteriori
341 2098 433 2161 notati
449 2110 529 2162 sunt.
763 2090 767 2101 ’

209 2206 313 2281 Porro,
330 2205 539 2270 distributione
553 2207 605 2269 illa
629 2206 769 2269 codicum
782 2204 916 2268 instituta
931 2215 961 2269 et
974 2223 1051 2287 quae
1068 2204 1097 2266 in
1113 2203 1248 2288 singulis
1262 2221 1392 2269 oecurre-

165 2323 235 2375 runt
249 2323 421 2377 sanctorum
437 2313 592 2377 memoriis
607 2312 768 2405 adnotatis,
784 2312 960 2375 immensam
974 2311 1053 2376 hauc
1067 2322 1282 2394 excerptorum
1296 2311 1391 2375 silvan

166 2419 206 2483 ita
220 2419 363 2484 ordinare
379 2420 475 2505 magis
490 2421 683 2484 commodum
701 2420 797 2483 risum
823 2431 868 2483 est
882 2430 914 2482 ut
928 2418 967 2482 ad
993 2418 1131 2501 singulos
1156 2419 1232 2482 anni
1247 2418 1312 2483 dies
1325 2415 1391 2480 indi·

164 2538 304 2590 carentur
318 2527 415 2610 primo
431 2539 603 2592 sanctorum
620 2526 744 2591 nomina
759 2527 798 2589 ad
813 2512 935 2591 cosdem
951 2525 1017 2590 dies
1031 2525 1062 2588 in
1072 2525 1261 2589 calendariis
1271 2534 1390 2609 reperte,

163 2634 277 2717 adjecta
293 2634 369 2698 serie
384 2635 522 2698 codicum
538 2635 738 2718 singulorum,
749 2635 827 2717 siglo
843 2648 871 2697 et
886 2653 1011 2697 numero
1023 2652 1079 2696 suo
1092 2631 1219 2715 (quihus
1234 2633 1265 2696 in
1277 2630 1390 2698 elencho

163 2741 256 2824 priori
272 2761 324 2805 eos
338 2742 519 2820 notavimus)
535 2741 818 2824 distinctorum,qui
833 2740 1006 2804 calendaria
1019 2739 1048 2802 in
1066 2739 1180 2822 quibus
1192 2740 1269 2805 haec
1280 2738 1390 2805 nomina

162 2848 301 2931 leguntur
317 2848 492 2920 continent:
520 2849 642 2925 deinde,
660 2858 834 2932 praenotata
854 2850 950 2911 littera
974 2855 1016 2923 B,
1032 2847 1203 2911 eorundem
1229 2858 1387 2911 sanctomn

162 2956 324 3019 memoriae
351 2956 380 3018 iu
405 2955 575 3032 breviariis,
604 2955 796 3020 diurnalibus
820 2967 849 3019 et
877 2954 1098 3038 antiphonariis
1123 2955 1165 3034 ll)
1192 2954 1386 3038 consignatae,

160 3062 252 3124 simili
269 3063 383 3144 adjecta
400 3064 477 3126 serie
493 3063 633 3127 codicum
650 3067 790 3146 (quornm
806 3063 884 3143 sigla
895 3074 924 3125 et
938 3060 1055 3125 numeri
1071 3060 1110 3124 ad
1122 3048 1285 3125 elenchum
1297 3077 1388 3124 secun

157 3170 229 3233 dum
245 3170 410 3249 remittunt)
429 3194 435 3232 :
455 3171 485 3233 in
502 3171 559 3234 hac
575 3184 674 3233 antero
692 3169 850 3253 posteriori
867 3170 944 3232 serie
960 3169 1038 3252 typis
1055 3188 1252 3232 numerorum
1270 3167 1388 3232 inclino·

156 3279 196 3340 tie
211 3277 404 3340 distinximus
431 3275 551 3341 codices
577 3277 731 3360 inquibus
747 3288 864 3360 praeter
879 3275 1199 3340 commemorationem
1218 3296 1272 3360 per
1292 3273 1386 3338 oratio

156 3403 224 3447 nem
241 3385 407 3468 descriptae
422 3397 492 3448 sunt
506 3385 650 3448 lectiones
666 3385 702 3448 de
715 3383 810 3447 sancti
823 3383 958 3448 historia.
970 3382 1161 3464 Singularem
1174 3403 1247 3447 vero
1258 3382 1385 3446 codicum

155 3493 357 3556 recensionem
376 3493 635 3576 praetermisimus
649 3493 700 3557 ubi
714 3495 812 3578 agitur
827 3494 864 3557 de
878 3492 915 3555 iis
927 3492 1041 3555 sanctis
1052 3492 1103 3573 qui
1116 3496 1161 3571 (ut
1173 3489 1383 3573 ughndreas,

156 3599 310 3671 Nicolans,
327 3599 497 3682 Stephanus
513 3612 724 3683 protomartyr,
743 3600 849 3680 etclin
869 3599 1012 3665 omnihus
1027 3599 1087 3661 lere
1104 3597 1149 3661 vel
1163 3609 1244 3661 certe
1259 3594 1383 3681 pluribus

155 3705 342 3789 singularum
358 3708 500 3771 classium
516 3708 562 3771 vel
578 3708 745 3772 sectionum
762 3707 920 3771 codicibus
931 3717 1093 3770 occurrunt
1107 3725 1113 3767 :
1128 3724 1260 3787 quornm
1273 3701 1381 3767 nomina

155 3812 228 3874 satis
254 3815 309 3876 luit
334 3825 452 3876 notasse
479 3814 622 3879 asterisco
650 3818 698 3894 (Ἴ,
717 3815 756 3878 ila
783 3827 882 3878 tamen
905 3814 1073 3897 utsignum
1101 3813 1158 3876 hoc
1174 3809 1338 3894 aliquando
1351 3806 1380 3869 ad

187 4018 223 4082 tt)
235 4019 311 4083 Quod
323 4028 415 4072 autern
429 4025 533 4085 spectat
544 4022 577 4072 ad
594 4022 720 4087 blissalia,
735 4027 892 4074 sanctorum
909 4021 1021 4073 nomina
1034 4017 1228 4071 tantummodo
1239 4031 1256 4070 e
1269 4013 1379 4070 calenda·
1427 4076 1429 4081 Ι

154 4101 200 4152 riis
213 4102 241 4152 in
254 4115 348 4154 eorum
361 4103 448 4167 capite
462 4102 606 4169 descriptis
618 4117 765 4169 excerpere
776 4117 858 4157 curae
871 4104 939 4167 luit3
954 4104 982 4155 in
994 4104 1028 4154 iis
1042 4101 1279 4166 rero,admodnm
1291 4098 1379 4167 paneis,

153 4197 224 4250 quae
237 4184 393 4237 calendario
406 4186 537 4237 instructa
551 4200 607 4239 non
620 4193 695 4253 sunt,
709 4201 741 4239 ea
755 4189 867 4241 nomina
880 4186 1041 4252 collegimus
1053 4197 1087 4237 ex
1100 4185 1215 4249 Proprie
1225 4189 1379 4237 sanctorum,

153 4267 201 4317 scd
215 4266 393 4319 nihilominus
406 4269 445 4319 eis
458 4282 529 4333 quae
543 4283 574 4319 ex
587 4269 752 4321 calendariis
765 4270 878 4322 collecta
889 4274 952 4321 sunt
961 4268 1148 4332 adjunximus,
1160 4279 1265 4333 operae
1275 4264 1378 4331 pretium
1427 4260 1429 4315 ζ

153 4362 209 4400 non
230 4349 361 4401 ducentes
374 4363 404 4401 ea
424 4351 476 4402 sub
495 4350 624 4402 distincta
638 4353 708 4404 serie
722 4366 876 4404 recensere.
890 4378 924 4389 -
936 4350 1126 4416 martyrologia
1150 4362 1265 4414 prorsus
1278 4343 1378 4414 neglexi·

152 4444 213 4482 rnus
227 4454 233 4482 ι
248 4433 400 4484 nihilenirn
423 4433 457 4484 ad
480 4447 538 4485 rent
561 4442 682 4487 nostrarn
703 4436 810 4501 juvaret
822 4436 931 4487 codices
954 4439 1057 4485 tanturn
1080 4444 1265 4497 enumerare;
1284 4427 1377 4496 singule

150 4519 242 4565 autern
263 4516 374 4567 nomina
396 4517 424 4567 in
445 4516 478 4566 iis
497 4523 624 4570 contenta
647 4531 792 4571 recensere
816 4516 898 4569 nimis
922 4516 1051 4568 immensi
1075 4521 1135 4568 erat
1160 4514 1265 4569 laboris
1284 4520 1310 4566 et
1321 4511 1378 4564 torte

150 4596 280 4659 majorem
294 4598 483 4650 confusionem
497 4599 644 4652 invexisset
656 4613 738 4666 quarn
750 4596 913 4652 subsidium.
1427 4606 1429 4617 '
