3082 5498
475 317 567 367 6666.
587 314 673 364 nar.
692 314 809 364 66666.
828 334 873 344 -
890 314 968 364 666.
990 312 1084 365 nass.
1275 343 1280 357 .
1349 299 1395 366 55

274 487 328 566 660
345 485 476 564 Pridie
507 484 693 562 kalendas
723 482 910 582 octobris,
931 484 1009 563 vita
1038 485 1142 563 beati
1169 485 1393 587 Hieronymi

189 632 192 639 ‘
313 609 529 713 presbyteri
547 609 623 707 (fol.
646 607 869 700 aaa-233⁹).

223 743 261 797 bt.
270 745 291 798 P.
303 746 340 811 t,
353 749 420 797 tom.
439 743 558 808 xx11‚p.
580 743 683 805 66666,
705 741 874 793 variantibus
896 741 924 792 in
945 742 1005 794 cod.
1024 740 1190 793 lectionibus
1202 754 1273 808 quac
1286 747 1395 796 6666666

200 851 274 910 scorp.
287 847 340 911 666,
352 857 420 897 ann.
437 843 494 896 666
505 857 533 909 p.
546 844 605 908 665,
618 855 685 894 666.
699 854 734 906 6;
750 842 777 893 in
797 840 851 894 666
870 841 933 895 add.
952 841 997 895 ed.
1018 841 1085 894 ibid.
1104 856 1131 907 p.
1146 843 1232 909 2664,
1245 841 1280 895 de
1300 843 1393 901 fliero-

199 943 253 1003 6666
262 944 421 997 correctione
432 941 565 995 divinitus
576 941 706 994 immissa.

269 1042 324 1120 650
335 1041 422 1119 Vita
437 1038 560 1118 sancti
579 1037 745 1139 Remigii
765 1038 1051 1138 archiepiscopi
1071 1036 1152 1132 (fol.
1167 1036 1391 1138 63306390).

220 1168 329 1226 6666666
341 1173 494 1241 fragmenta
506 1171 650 1236 desumpta
662 1183 695 1223 ex
710 1171 766 1222 vita
778 1174 891 1223 auctore
903 1171 1058 1223 dincmaro.

267 1272 325 1350 660
341 1270 476 1350 Passio
493 1277 648 1348 sanctae
665 1267 772 1346 Pidis
789 1268 950 1368 virginis
966 1268 1044 1367 (fol.
1063 1267 1304 1368 6390666060

213 1397 262 1455 On.
271 1403 404 1471 prologus,
417 1408 445 1455 66
457 1401 548 1456 Passio
561 1401 655 1453 mutila
667 1400 769 1453 desinit
780 1400 808 1452 in
822 1399 912 1452 verbis
924 1400 1070 1454 66666666
1082 1399 1156 1453 inde
1167 1397 1271 1467 fons...
1281 1402 1368 1465 (6666.
1379 1402 1394 1452 7

183 1485 237 1560 inp.

267 1602 327 1680 670
343 1601 476 1680 Pridie
494 1623 617 1679 nonas
631 1599 818 1697 octobris,
847 1599 976 1701 passio
1003 1613 1226 1679 sanctorum
1249 1609 1392 1703 marty·

315 1757 403 1812 rum
422 1734 545 1835 Sergii
565 1740 603 1811 et
621 1733 760 1810 Bacchi
778 1731 861 1832 (sol.
877 1731 1116 1835 66106660).00

266 1866 327 1944 680
344 1867 476 1945 Passio
494 1875 719 1944 sanctorum
747 1873 960 1965 martyrum
979 1865 1166 1965 Dionysii,
1188 1863 1335 1944 Rustici
1354 1872 1393 1943 et

310 1999 523 2077 Eleutherii
543 1997 619 2099 (fol.
640 1997 854 2097 bitis-mv).

178 2122 324 2186 616666.
336 2132 394 2198 ss,
408 2129 442 2183 ad
454 2130 482 2183 d.
494 2132 512 2184 6
523 2132 590 2198 oct,
604 2135 670 2183 tom.
684 2133 726 2196 w,
739 2144 767 2196 p.
780 2131 881 2182 66664.

264 2230 323 2308 690
342 2229 479 2308 Sermo
497 2229 537 2304 in
556 2228 672 2306 laude
699 2236 922 2307 sanctorum
951 2237 1164 2329 martyrum
1188 2230 1264 2331 (fol.
1282 2230 1391 2310 248*-

176 2488 241 2545 De
253 2510 301 2562 qno
308 2361 424 2552 Ξ6561666
434 2500 580 2566 praecipua
593 2505 721 2566 excerpta
734 2501 777 2553 ed.
787 2500 864 2565 ibid,
878 2516 906 2567 p.
920 2503 968 2555 703
980 2515 1053 2568 sqq.,
1064 2512 1140 2552 narn.
1154 2500 1238 2552 soto.

264 2596 323 2673 760
340 2597 473 2676 Passio
503 2608 658 2677 sanctae
689 2599 909 2678 anastasiae
941 2598 1115 2701 [virginis
1128 2606 1167 2676 et
1193 2596 1388 2698 martyris]

307 2720 384 2819 tfol.
406 2721 629 2824 66606636.

198 2843 385 2909 liliusscilicet
396 2868 468 2922 quae
488 2857 588 2911 colitur
607 2857 653 2909 dic
672 2858 705 2908 68
728 2855 848 2909 octobris
868 2858 896 2907 et
912 2855 989 2920 cujus
1002 2853 1095 2907 Passio
1108 2866 1123 2905 6
1136 2853 1239 2921 graecis
1251 2852 1392 2906 codicibus

175 2938 246 2998 edita
255 2957 287 3002 est
297 2955 360 3007 Act.
370 2954 428 3020 SS,
440 2962 505 3008 torn.
519 2957 562 3008 xli
577 2959 644 3020 666,
658 2971 685 3021 p.
698 2957 800 3007 teo-28.
812 2955 878 3007 Huic
889 2955 954 3006 satis
963 2954 1060 3005 similis
1073 2959 1113 3005 est
1123 2953 1213 3006 Passio
1224 2953 1307 3005 latina
1319 2966 1390 3019 quae

179 3037 224 3091 nic
233 3046 322 3119 legitur,
335 3053 431 3106 eadem
444 3055 548 3108 scilicet
561 3055 685 3107 referens
697 3060 724 3108 66
736 3055 832 3108 eodem
845 3056 952 3120 ordine,
966 3068 1021 3107 non
1035 3059 1126 3106 tamen
1141 3052 1237 3106 iisdem
1250 3053 1350 3105 verbis.

266 3149 321 3225 760
338 3176 396 3228 1111
429 3153 519 3231 idus
549 3154 735 3250 octobris,
758 3153 886 3255 passio
917 3160 1141 3230 sanctorum
1173 3160 1387 3250 martyrum

306 3282 476 3380 Hedesti,
498 3294 536 3362 et
567 3285 686 3362 Prisci
718 3285 934 3386 presbyteri
968 3293 1005 3361 et
1030 3292 1251 3360 sanctarum
1270 3282 1386 3382 virgi-

304 3438 398 3492 num
416 3417 493 3512 (iol.
514 3416 730 3513 66606660).

214 3529 312 3591 Editor.
329 3540 387 3606 SS,
402 3542 430 3592 in
443 3542 571 3594 auctario
591 3542 667 3623 add.
696 3545 725 3595 12
746 3545 814 3603 Oct,
838 3557 863 3606 p.
880 3544 962 3593 6616.
973 3568 1007 3578 -
1020 3542 1058 3592 Ex
1069 3540 1130 3593 cod.
1142 3539 1240 3605 supple
1255 3552 1331 3592 num.
1348 3543 1358 3592 6
1377 3555 1384 3592 :

186 3628 242 3694 tria
251 3635 279 3689 in
289 3639 443 3705 quendam
466 3641 566 3694 666666
585 3644 702 3695 occulte
723 3643 782 3696 Deo
804 3641 965 3709 sacrificio
985 3640 1140 3707 offerebat.
1163 3639 1202 3692 Et
1228 3638 1390 3693 haesitans

182 3728 305 3790 dedecus
327 3739 427 3806 coepit
449 3753 520 3792 eum
543 3737 723 3807 frequenter
746 3741 906 3808 irtqnirerc
929 3741 1051 3794 curiose
1072 3758 1081 3806 ,·
1105 3747 1132 3793 ct
1157 3742 1263 3792 66666
1284 3740 1388 3794 :Haec

173 3835 262 3889 autem
279 3840 425 3894 victuria.
439 3841 530 3894 Dicit
550 3842 580 3894 ei
600 3842 771 3895 Hedcrtus:
791 3843 866 3895 voca
879 3841 958 3894 mibi
974 3845 1101 3909 patrem
1124 3843 1221 3907 66666,
1243 3843 1278 3893 ut
1290 3837 1387 3906 fruar

168 3934 319 3991 desideriis
336 3940 442 3993 cordis
453 3941 526 3992 mci.

255 4036 485 4117 7a01111dus
512 4039 700 4136 octobris,
722 4042 851 4140 passio
883 4041 1003 4119 sancti
1037 4038 1173 4117 Calixti
1205 4060 1329 4139 papae
1347 4044 1385 4114 66

150 4169 333 4268 martyris
350 4170 427 4268 (iol.
449 4170 689 4270 65506576*

250 4301 312 4377 730
328 4302 412 4380 Vita
430 4302 491 4381 vel
510 4303 642 4382 obitus
660 4304 782 4382 sancti
804 4304 982 4381 Germani
1012 4303 1179 4404 Capuani
1201 4281 1374 4405 episcopi

297 4433 373 4531 (fol.
395 4433 613 4533 65706590).

176 4566 233 4621 rc.
248 4566 309 4620 act.
323 4568 380 4632 ss,
395 4568 429 4620 ac
442 4568 469 4620 6.
483 4571 516 4621 so
530 4571 599 4635 oct,
614 4573 679 4624 rom.
694 4571 762 4635 xrn,
778 4585 803 4636 p.
818 4571 921 4623 66666.
