3076 5498
149 330 217 396 242
491 346 617 397 aarum
638 345 740 395 cono.
760 344 934 395 aaaroua.
954 344 1035 395 aar.

147 514 172 567 ei
190 513 282 566 debita
294 515 421 568 servitute
434 515 565 581 subjecta,
580 516 619 568 sic
632 518 740 567 assueta
753 513 938 566 continentiae
951 512 1032 566 simul
1045 516 1074 564 et
1084 512 1260 566 abstinentiae
1268 513 1290 562 ut
1298 516 1336 559 non

148 611 259 677 byssum
272 611 433 677 simplicem,
448 611 495 664 sed
507 611 672 677 duplicatam
685 617 713 664 et
733 615 862 665 retortam
875 610 986 664 offerret
1003 609 1033 662 in
1046 612 1151 677 templo
1164 609 1262 663 bomini
1272 609 1337 660 beatus

148 711 311 764 Laurentius
325 727 331 762 :
345 710 494 764 candorem
507 710 632 764 videlicet
643 711 828 764 continentiae
840 723 902 762 curn
916 710 1099 763 abstinentiae
1112 709 1252 763 sociabat.¹

182 808 214 863 8.
228 807 395 862 Humiliabat
408 809 486 863 valde
498 810 625 875 spiritum
636 823 726 875 suurn,
739 811 830 862 sciens
848 810 978 876 quoniam
995 809 1104 862 initium
1121 809 1213 862 omnis
1223 802 1339 873 peculisi

149 909 296 975 superbia,
319 913 345 961 et
364 909 411 975 qui
430 911 551 962 tenuerit
574 909 647 961 illam
669 908 863 974 adimplebitur
887 909 1049 962 maledictis.
1069 912 1135 961 blarn
1156 908 1239 962 sedes
1259 906 1339 958 dum

149 1007 351 1075 superborum
360 1008 518 1061 destruuit
530 1009 610 1061 Deus
623 1010 652 1061 et
662 1008 768 1060 sedere
778 1004 854 1073 fecit
862 1008 953 1060 mites
960 1019 1021 1073 pro
1031 1007 1087 1059 eis.
1100 1006 1230 1060 Radices
1237 1001 1339 1072 gentim

148 1108 354 1175 superbarum
367 1106 498 1175 arefecit
510 1109 591 1161 Deus
603 1110 633 1161 et
639 1107 801 1175 plantavit
813 1106 946 1160 humiles
957 1119 1021 1174 pro
1032 1106 1120 1172 ipsis.
1138 1104 1275 1160 Perdidit
1287 1104 1340 1154 beu

149 1209 333 1262 memoriam
352 1208 556 1275 superborum
578 1209 608 1260 et
630 1207 762 1273 reliquit
784 1209 967 1260 memoriam
992 1205 1172 1258 humilium.
1193 1204 1341 1258 betestsbatu

150 1312 261 1362 sanctus
272 1309 313 1362 vir
325 1307 480 1373 superbiam
494 1307 571 1373 quasi
585 1305 758 1372 apostasiam,
773 1307 836 1372 quia
854 1307 985 1372 scripturn
998 1311 1040 1358 est
1052 1322 1060 1357 ι
1072 1305 1206 1358 Initium
1217 1300 1342 1370 superbiit

150 1406 285 1461 bominis
297 1409 343 1460 ert
355 1409 537 1474 apostatare
549 1419 570 1459 a
585 1407 651 1472 Deo,
665 1404 814 1472 quoniam
830 1405 870 1458 ab
884 1418 918 1459 eo
930 1405 985 1472 gui
996 1403 1071 1472 fecit
1084 1404 1180 1458 illum
1191 1402 1300 1458 recessit
1308 1408 1343 1452 cor

149 1507 224 1570 elim.
235 1506 394 1559 sectabatur
406 1511 498 1559 autem
511 1505 690 1558 bumilitatem
704 1511 842 1571 tamquam
855 1505 1064 1558 fundamentum
1074 1505 1160 1558 totius
1173 1501 1342 1561 sanctimoniae

150 1609 240 1660 sciens
261 1606 326 1673 quia
345 1608 477 1660 [lominus
499 1608 625 1672 superbis
646 1607 758 1670 resistit,
779 1598 929 1658 humilibus
944 1608 1036 1657 autern
1055 1605 1103 1657 dat
1119 1605 1246 1672 gratiam,
1265 1607 1287 1655 et
1301 1599 1344 1666 quit

150 1705 285 1773 sapientia
295 1706 430 1758 humiliati
444 1691 571 1759 exaltavit
581 1711 662 1772 caput
674 1708 743 1772 ejus,
756 1711 784 1757 et
796 1706 823 1757 in
837 1704 926 1756 medio
940 1710 1129 1771 magnatorum
1142 1703 1285 1757 consedere
1293 1700 1345 1752 illm

150 1804 239 1859 faciet.
253 1808 405 1871 Numquam
418 1805 447 1857 in
460 1805 516 1857 suis
529 1805 695 1872 gloriabatur
716 1804 865 1869 operibus3
879 1802 986 1856 volebat
1003 1808 1094 1855 tamen
1112 1808 1144 1854 ut
1165 1802 1282 1854 lucerent
1290 1805 1346 1863 opert

151 1916 200 1956 sua
212 1909 240 1957 et
252 1903 428 1958 commissam
440 1905 493 1956 sibi
514 1904 678 1957 irradiarent
699 1903 856 1966 ecclesiam,
870 1903 933 1971 quia
953 1902 1076 1968 praelato
1096 1914 1153 1955 non
1165 1900 1260 1954 sufficit
1270 1901 1347 1952 atlete

151 2003 318 2056 conscientia
330 2008 461 2070 operetur
481 2004 553 2056 bona
566 2016 659 2065 coram
674 2006 741 2066 beo,
754 2015 836 2069 quern
859 2006 969 2068 oportet
985 2008 1054 2055 teste
1075 2001 1192 2056 ecclesia
1211 2002 1276 2055 bona
1286 1998 1347 2050 laun

153 2101 187 2155 ad
200 2103 310 2155 laudern
323 2104 370 2155 bei
383 2110 411 2156 et
423 2102 639 2156 aedificationem
655 2104 808 2168 bominum,
823 2104 893 2155 sicut
911 2104 1042 2168 scriptum
1055 2106 1097 2155 est
1110 2118 1118 2154 :
1132 2103 1268 2156 Luceant
1282 2104 1347 2165 opert

43 2236 48 2245 ·
152 2203 256 2255 vestra
267 2214 375 2256 coram
386 2201 571 2269 bominibus,
581 2203 618 2253 ut
627 2202 805 2268 glorificent
816 2203 946 2254 Patrem
958 2203 1097 2254 vestrum
1108 2202 1165 2268 gui
1176 2201 1211 2254 in
1220 2197 1305 2254 coelis
1311 2193 1347 2247 etl

154 2301 292 2365 Propriam
306 2305 397 2353 autern
411 2314 466 2354 non
487 2300 636 2367 quaerebat
657 2301 770 2367 gloriam
792 2314 826 2353 ex
846 2299 904 2352 suis
924 2281 1064 2366 operibus,
1078 2301 1209 2367 quoniam
1223 2293 1347 2352 enimneiu

155 2404 197 2452 est
217 2405 244 2452 et
264 2401 310 2453 bei
332 2400 455 2453 altissimi
477 2400 595 2467 negatio,
608 2401 678 2452 sicut
699 2399 763 2452 dicit
783 2401 834 2453 lob
848 2416 855 2452 :
868 2399 901 2452 Si
912 2400 979 2452 eidi
998 2399 1094 2453 solem
1114 2413 1187 2453 cum
1202 2393 1347 2467 fulgerM

159 2499 268 2551 lunam
282 2498 471 2552 incedentem
483 2500 580 2566 clare,
592 2498 623 2551 si
641 2499 801 2552 osculatus
821 2512 892 2551 sum
904 2511 1035 2551 manum
1053 2511 1156 2552 meam
1174 2490 1347 2559 orentemltt

152 2599 238 2653 euim
252 2601 300 2652 est
309 2598 401 2666 nefas
413 2601 443 2652 et
454 2599 608 2665 iniguitas
620 2599 773 2664 martimo,
786 2601 817 2651 et
833 2599 957 2664 negatio
969 2599 1056 2666 apud
1068 2600 1168 2652 Deum
1186 2597 1347 2652 classium

155 2699 202 2752 Sol
219 2699 354 2765 slquidem
369 2699 396 2749 in
410 2697 514 2766 lblgore
527 2704 569 2751 est
581 2699 685 2752 bonum
702 2711 771 2763 opus
787 2698 815 2751 in
834 2699 1062 2764 manifestatione,
1077 2699 1144 2753 luna
1156 2713 1172 2752 a
1184 2699 1240 2753 sole
1251 2693 1347 2750 ibunici·

151 2804 207 2863 tur,
220 2804 250 2851 ut
271 2797 345 2850 clare
360 2797 487 2849 incedat:
506 2797 544 2850 sic
564 2798 665 2851 abono
686 2810 770 2863 opere
790 2798 861 2851 lania
880 2797 996 2851 edicitur
1017 2798 1165 2863 luminosa,
1179 2805 1210 2853 ut
1229 2787 1347 2854 bonaeopi·

150 2897 243 2951 nionis
261 2896 410 2949 claritatem
431 2895 605 2961 procedendo
627 2894 773 2949 diffundat.
789 2899 818 2948 ln
834 2910 917 2949 rnanu
936 2897 1097 2965 designatur
1115 2897 1237 2963 operatio
1250 2912 1257 2947 ε
1270 2898 1347 2946 mant!

151 2996 235 3062 igitur
252 2995 392 3048 oseulatur
412 3008 460 3047 ore
481 3007 531 3047 suo
552 2996 600 3060 qui
620 2996 655 3048 de
668 3008 718 3048 suo
739 2996 812 3048 bono
833 3008 917 3061 opere
938 2989 989 3048 sibi
1010 2996 1218 3062 congratulatur
1234 3000 1260 3047 et
1272 2987 1347 3058 appla*

149 3094 197 3147 dit.
210 3093 319 3146 sedhic
340 3098 450 3146 sanctus
463 3094 504 3145 vir
529 3107 584 3146 non
605 3094 673 3146 vidit
694 3093 779 3146 solem
802 3108 865 3146 curn
887 3094 1013 3161 fulgeret,
1027 3106 1079 3145 nec
1100 3093 1197 3147 lunam
1211 3092 1347 3146 incedentes

148 3193 297 3259 clarence
317 3205 430 3245 manum
451 3205 527 3246 suam
548 3193 687 3246 osculatus
705 3202 747 3245 est
768 3207 816 3247 ore
837 3207 897 3259 suo,
911 3194 974 3260 quia
995 3193 1068 3246 bona
1090 3205 1176 3259 opera
1195 3206 1243 3246 sua
1259 3192 1294 3244 sic
1311 3183 1347 3239 alil

147 3292 256 3345 uolebat
267 3305 328 3345 esse
350 3292 496 3345 manifesta
509 3292 582 3357 quod
603 3292 654 3344 sibi
675 3292 725 3345 soli
747 3296 840 3345 essent
862 3292 1032 3350 abscondita.
1047 3298 1075 3344 et
1088 3292 1129 3344 sic
1142 3293 1232 3346 bonae
1244 3282 1347 3357 opinioni

150 3403 216 3444 suae
227 3389 396 3458 flagrantiam
417 3390 533 3443 diffundi
555 3391 664 3443 volebat
684 3389 719 3442 ad
739 3391 807 3444 alios
831 3395 861 3444 ut
883 3391 942 3456 ipse
968 3404 1024 3444 non
1038 3392 1131 3444 minus
1153 3392 1182 3444 in
1196 3386 1347 3444 recordatur·

150 3490 357 3555 praeteritarum
371 3490 514 3555 culparum
528 3489 601 3542 velut
613 3490 641 3541 in
654 3490 826 3555 sterquilinio
836 3491 949 3542 bumilis
958 3490 1100 3553 resideret,
1111 3504 1164 3544 nec
1178 3491 1230 3544 sibl
1246 3490 1280 3543 de
1291 3488 1347 3551 aliqu

151 3588 335 3655 applaudebat
345 3602 437 3655 opere,
446 3589 510 3656 quia
522 3601 620 3655 neque
631 3589 764 3642 colentis
775 3591 820 3642 est
832 3590 912 3643 velle
923 3603 1021 3657 neque
1032 3591 1193 3644 currentis
1204 3593 1251 3645 est
1261 3601 1347 3644 cursu

149 3688 203 3741 sed
214 3689 271 3741 Dei
281 3688 468 3741 miserentis.
485 3688 565 3746 Quid
577 3689 661 3740 enim
674 3688 764 3743 nabes
776 3688 855 3756 quod
873 3703 935 3742 non
954 3690 1105 3757 accepisti
1115 3691 1127 3744 l
1139 3691 1173 3744 Si
1183 3694 1290 3744 autem
1301 3699 1347 3743 aee

144 3787 233 3854 pisti,
244 3787 320 3855 guid
335 3786 487 3854 gloriaris
500 3788 591 3855 quasi
603 3799 664 3841 non
676 3789 856 3855 acceperis?
871 3788 929 3846 Qui
940 3801 1012 3854 ergo
1024 3790 1196 3858 gloriatur,
1212 3791 1247 3844 in
1259 3787 1347 3844 Donsir

147 3886 316 3953 glorietur;
325 3900 389 3940 non
399 3887 483 3939 enim
494 3888 550 3953 gui
561 3900 594 3940 se
606 3888 709 3953 ipsum
723 3887 989 3953 commendatitia
996 3887 1153 3954 probatus
1165 3892 1220 3955 est,
1233 3890 1287 3943 sed
1296 3901 1347 3956 gne

150 3986 231 4038 Deus
243 3987 446 4039 commendat.
460 3988 491 4036 sl
510 3986 581 4037 sicut
600 3985 666 4038 dicit
685 3987 819 4038 ieremias
833 4002 839 4037 :
853 3987 937 4040 Haec
956 3985 1034 4040 dicit
1054 3987 1207 4041 Dominus
1221 4007 1231 4043 .·
1244 3990 1310 4043 Non
1319 3988 1347 4054 gl

148 4084 250 4137 rietur
261 4085 386 4151 sapiens
399 4085 433 4137 in
444 4084 601 4151 sapientia
622 4098 691 4151 sua,
704 4098 767 4138 non
776 4084 931 4152 glorietur
942 4083 1036 4152 fortis
1049 4085 1084 4138 in
1095 4085 1292 4154 fortitudine
1309 4104 1347 4142 su

148 4193 212 4234 non
221 4183 375 4249 glorietur
386 4182 472 4235 dives
484 4182 518 4235 in
530 4183 652 4236 divitiis
670 4183 736 4236 suis
747 4201 755 4250 ,·
768 4183 821 4236 sed
840 4184 874 4236 in
892 4182 947 4238 boe
960 4183 1115 4251 glorietur
1133 4188 1192 4252 qui
1209 4189 1346 4254 gloriata

147 4279 230 4333 scire
241 4282 271 4333 et
284 4293 375 4333 nosse
386 4294 444 4347 me,
457 4281 532 4347 guia
545 4293 598 4347 ego
609 4295 680 4334 sum
692 4283 783 4336 Deus.

181 4378 213 4433 9.
229 4377 380 4432 Exercebat
392 4392 421 4432 se
434 4381 461 4432 in
480 4381 674 4448 cultubominl
695 4388 806 4434 sanctus
819 4382 864 4435 bei
877 4383 965 4437 cultor
976 4385 1151 4449 Laurentius,
1166 4387 1196 4438 in
1209 4387 1314 4441 din'nis
1325 4387 1347 4441 ol

146 4478 197 4530 ciis
214 4479 340 4532 assiduus
361 4485 389 4530 et
407 4464 530 4532 devotus.
544 4478 676 4546 billgebat
695 4479 824 4535 decorem
844 4481 943 4535 domus
964 4482 1082 4546 bomini,
1096 4489 1123 4536 et
1145 4486 1237 4538 sacris
1258 4488 1347 4539 altarii

146 4575 266 4631 debitam
280 4578 463 4632 reverentiam
472 4577 628 4633 exhibebat.
636 4580 677 4633 nd
688 4580 793 4633 cultum
807 4581 913 4634 bomini
926 4585 954 4633 et
966 4594 1075 4635 sacrum
1088 4582 1187 4637 altaris
1200 4586 1347 4640 ministerii
