3076 5498
150 108 213 176 124
490 123 616 173 cursu.
636 121 739 173 cono.
758 122 932 174 uuaioair.
952 123 1039 175 nar..

247 294 286 370 30
314 293 397 372 vita
415 292 537 371 sancti
569 314 614 369 ac
633 290 848 370 beatissimi
880 291 1056 371 semesis
1086 293 1164 391 (fol.
1186 260 1435 395 aar-air).⁴

181 429 239 481 vila
251 427 389 493 adscripta
404 428 564 479 Fortunato.

245 527 286 604 4⁰
313 525 398 605 Vita
415 525 538 604 sancti
557 509 602 602 ac
616 524 834 604 beatissimi
851 524 1024 603 Medardi
1039 526 1233 627 episcopi,
1255 524 1432 605 viduffl

294 657 396 760 junii
414 657 493 753 (fol.
514 656 706 756 aiv-esp*

246 791 286 868 5⁰
311 790 397 869 Vita
414 790 536 869 sancti
555 812 601 868 ac
618 789 835 868 beatissimi
862 789 1016 869 Vedasti
1034 789 1213 893 episcopi
1232 796 1273 869 et
1289 812 1368 869 con·

298 922 457 1002 fessoris
473 922 551 1023 (fol.
573 920 762 1022 asisin*
839 912 841 917 ’

181 1058 241 1110 om.
256 1070 333 1109 num.
346 1057 372 1110 9.
385 1058 494 1109 Lacuna
515 1060 606 1109 autem
618 1067 689 1122 quae
702 1055 730 1108 in
751 1055 809 1108 vita
826 1054 871 1108 ed.
886 1060 975 1109 exstat
987 1056 1093 1108 numo
1113 1053 1200 1120 med,
1213 1055 1250 1109 ita
1268 1067 1301 1108 ex
1320 1052 1377 1106 eod.

61 1141 68 1154 ’
149 1155 292 1223 suppletur
312 1171 319 1207 ι
338 1155 461 1209 obviam
481 1153 598 1208 habena
615 1167 744 1209 caecum
764 1155 937 1210 multorum
957 1165 1116 1208 eremorum
1135 1152 1242 1222 spatio
1263 1152 1303 1207 ab
1322 1151 1378 1207 bac

149 1255 218 1308 tuce
232 1254 428 1308 damnatum.
443 1253 540 1308 Petiit
551 1253 637 1308 beato
645 1254 774 1308 vedasto
784 1257 822 1307 ut
828 1265 890 1320 pro
901 1265 934 1307 se
953 1251 1123 1308 iinmerraee
1129 1252 1265 1320 pecata
1272 1254 1379 1320 portu·

147 1353 229 1407 laret
239 1351 412 1420 auxilium,
426 1353 579 1407 etlumen
587 1365 646 1419 quo
658 1353 794 1421 carebat,
800 1344 874 1421 'ipso
886 1352 1020 1420 denique
1028 1351 1226 1419 impetrante,
1240 1350 1383 1419 recipere

147 1455 329 1507 mereretur.
344 1454 404 1506 lile
413 1452 498 1520 fidus
507 1453 547 1506 de
554 1453 776 1508 misericordie
785 1453 850 1519 Dei,
860 1453 1025 1507 deoeoeram
1037 1451 1161 1519 mvii,
1172 1463 1273 1519 ευμεν
1280 1452 1387 1506 oculor

146 1551 233 1606 cneci
243 1551 367 1619 etenum
379 1552 483 1607 meeis
492 1552 653 1620 imposuit,
666 1552 837 1620 statimque
844 1553 952 1606 lumem
961 1552 1127 1607 oculorum
1138 1549 1268 1618 recepit.
1279 1550 1390 1619 Ibique

149 1664 169 1704 a
186 1650 372 1706 christiania
393 1650 570 1705 bominibus
592 1652 727 1707 basilica
747 1654 929 1707 carminata
949 1663 1017 1706 ease
1039 1651 1174 1719 videm,
1186 1649 1244 1704 rabi
1265 1650 1303 1704 in
1320 1651 1391 1716 &aa

151 1749 297 1804 honorem
309 1751 411 1804 multe
424 1750 589 1805 mirabilia
602 1752 695 1819 flami.

248 1849 288 1926 6⁰
315 1850 447 1929 Passio
478 1860 703 1931 sanctorum
733 1874 778 1928 ac
796 1850 1114 1931 beatissimorum
1145 1847 1332 1928 Fusciani
1351 1859 1393 1928 et

212 2081 215 2085 γ
298 1982 488 2061 Victorini
507 1992 723 2086 martyrum
739 1983 817 2083 (sol.
839 1982 1010 2083 {iil-357.

184 2115 233 2167 Ed.
246 2127 290 2181 ap.
302 2117 327 2168 l.
342 2116 520 2182 Gbesquitrc,
531 2117 595 2171 Act.
609 2117 657 2170 SS.
673 2115 782 2183 Boleti,
796 2122 863 2169 tom.
876 2117 898 2182 l,
910 2129 938 2183 p.
952 2116 1052 2169 libili.

252 2213 290 2288 7⁰
314 2213 489 2293 Iuventio
537 2215 713 2315 ipsorum
755 2236 980 2315 corporum,
1017 2213 1156 2316 quinto
1192 2213 1393 2294 kalendas

296 2335 414 2436 julias
431 2336 508 2437 (fol.
527 2337 698 2434 35⁷-3Pt,

186 2467 234 2522 lid.
247 2482 291 2536 ap.
304 2470 425 2538 salmon,
437 2472 527 2526 Actes
540 2467 655 2526 inedita
666 2473 720 2527 des
731 2473 835 2528 saints
846 2476 986 2541 martyre
998 2472 1176 2539 maciem...
1189 2485 1216 2539 p.
1231 2475 1325 2528 Μ.

251 2568 291 2642 8⁰
317 2568 449 2647 Passio
480 2569 601 2649 sancti
630 2592 674 2646 ac
705 2570 922 2650 beatissimi
957 2570 1057 2649 Justi
1089 2569 1279 2671 martyris
1308 2570 1392 2672 (fol.

301 2699 466 2800 siv-lor).
1002 2684 1005 2689 ’

186 2832 235 2886 lid.
248 2834 312 2887 rtet.
326 2833 383 2901 SS„
397 2833 432 2887 ad
443 2834 470 2886 d.
486 2837 517 2888 la
528 2838 596 2901 Oct,
610 2839 676 2889 tom.
691 2836 758 2901 lllll,
773 2850 800 2902 p.
812 2835 916 2889 otest.

252 2929 292 3008 9⁰
316 2930 448 3010 Passio
467 2933 590 3012 saneti
608 2933 768 3012 Luciani
787 2932 968 3034 martyris
985 2932 1063 3032 (fol.
1084 2931 1259 3034 lov-ter).

187 3063 235 3118 lld.
246 3077 281 3117 ex
304 3064 356 3117 lroc
376 3064 435 3118 eod.
453 3066 574 3132 salmon,
589 3066 677 3120 Mem.
695 3067 733 3121 de
755 3067 787 3120 la
798 3066 861 3121 Soc.
878 3065 1144 3134 desinitquairea
1166 3066 1207 3120 de
1224 3066 1394 3135 Picardr'e,

153 3165 469 3230 semissium-ai.

253 3261 316 3340 10ο
343 3262 474 3341 Passio
500 3270 724 3341 sanctorum
756 3263 924 3365 Crispini
951 3272 989 3343 et
1019 3263 1262 3365 Crispiniani
1291 3290 1395 3346 mar·

300 3407 444 3496 tyrum,
473 3397 541 3497 qui
574 3396 676 3497 passi
708 3406 799 3475 sunt
829 3397 868 3472 in
896 3396 994 3475 urbe
1020 3395 1275 3478 Suessionica
1306 3401 1386 3501 tlol.

298 3526 431 3604 tsi-46
461 3531 492 3600 .*

253 3658 315 3733 ll⁰
341 3528 473 3737 Passio
504 3658 626 3736 saneti
658 3658 837 3738 Matthaei
870 3657 1052 3761 apostoli,
1073 3681 1165 3734 xv111
1196 3659 1393 3745 kalendas

300 3789 522 3869 decembris
538 3790 615 3890 (fol.
636 3790 806 3892 dds-iil).

185 3925 376 3991 Fragmentum
389 3923 527 3978 Passionis
538 3925 678 3979 fabulosae
698 3928 725 3979 s.
739 3925 880 3991 Matthaei,
894 3925 979 3980 latine
991 3924 1115 3979 redditae
1134 3935 1151 3978 e
1169 3925 1325 3995 nicephori
1338 3931 1394 3986 Gal·

153 4022 206 4075 listi
219 4023 300 4077 Ecct.
316 4022 406 4089 aas,
420 4023 469 4077 lib.
482 4037 509 4092 u,
523 4037 582 4092 cap.
596 4027 625 4078 il
640 4026 680 4092 (P.
694 4029 735 4091 (l.,
749 4029 815 4077 lom.
829 4026 924 4089 axel,
937 4040 965 4093 p.
977 4025 1092 4091 titolo).

251 4121 314 4199 120
337 4122 422 4200 Vita
452 4124 573 4203 sancti
608 4146 653 4200 ac
687 4122 902 4203 beatissimi
934 4124 1096 4204 servatii
1129 4123 1320 4233 episcopi
1356 4142 1394 4211 el

299 4253 534 4332 confessoris
551 4252 629 4353 (fol.
650 4253 818 4356 arripe,

186 4384 234 4438 lid.
247 4397 280 4438 ex
293 4386 345 4439 lroe
358 4384 418 4440 cod.
432 4386 525 4439 Amat.
548 4386 639 4447 Bell..
653 4391 720 4440 torn.
735 4388 756 4453 l,
770 4401 796 4453 p.
809 4389 896 4441 tlt-lli.
