3076 5498
233 319 327 368 nmo.
346 317 430 368 aar.
450 316 567 367 renis.
586 336 631 347 —
647 317 800 368 trenno.
819 319 866 367 aa
884 318 962 368 coo.
982 312 1023 367 rs:
1037 318 1072 367 a.
1092 315 1169 366 atre.
1256 302 1322 368 489

130 492 158 542 b.
179 489 264 556 igitur
276 488 432 540 beatissima
445 487 572 555 Segulius
586 486 636 539 fuit
648 500 682 539 ex
692 488 761 539 urbe
774 487 920 555 sibigense
934 485 954 551 ¹,
969 486 1107 539 natalibus
1118 486 1231 554 quidem
1245 488 1323 541 nobi·

130 633 134 652 ‚
150 589 200 643 sed
212 589 345 656 religione
357 593 451 639 sancta
465 586 525 653 olus
538 586 667 641 nobilior.
691 588 764 650 Quae
782 599 844 639 cum
865 587 923 639 suis
945 586 1104 652 parentibus
1117 587 1191 639 brevi
1204 599 1323 640 comma·

130 703 164 740 ns
175 693 309 752 tempore,
322 685 388 738 dum
401 686 435 737 ab
448 685 515 750 ipsis
529 685 692 737 rudimentis
705 683 838 737 infantiae
856 683 956 737 studiis
972 691 1000 736 ct
1012 684 1153 738 laboribus
1167 686 1325 752 sanctisque

131 794 201 839 enta
213 790 294 847 esset,
307 797 390 850 onere
403 785 476 836 bona
490 784 567 836 sexui
582 784 706 835 instituta
718 790 870 847 exerceret,
882 784 977 849 juncta
989 790 1033 836 est
1044 785 1229 848 matrimonio,
1241 796 1325 837 anno

130 901 156 938 m
169 886 280 938 circiter
289 884 445 947 duodecim,
460 883 570 936 sublimi
592 883 650 934 viro
670 896 773 949 genere
784 881 876 934 divitis
895 883 1072 950 moribusque
1083 869 1173 950 bonis,
1184 882 1327 941 Gildulio²

130 988 218 1047 mine,
232 985 327 1037 sortita
339 989 379 1036 est
392 983 545 1050 conjugale.
571 983 633 1034 ilrat
653 983 727 1034 enim
746 987 772 1035 et
792 983 820 1034 in
838 982 947 1036 saeculo
961 983 1130 1037 nobilissima
1144 989 1170 1037 el
1182 987 1210 1038 in
1222 988 1324 1042 Christi

130 1098 187 1137 iore
209 1083 312 1146 dedita,
334 1083 427 1147 sicque
448 1094 525 1133 more
547 1084 629 1133 Sarae
647 1093 697 1132 suo
715 1079 879 1133 oboediebat
896 1081 954 1134 viro
974 1088 1078 1135 utnon
1097 1083 1277 1150 inveniretur,
1296 1088 1324 1140 in
1363 1101 1365 1104 ·

130 1190 228 1236 antum
240 1188 282 1234 est
295 1179 436 1246 possibile,
450 1180 633 1232 inoboediens
645 1178 797 1232 conditori.
811 1179 989 1232 sacerdotum
1002 1180 1129 1247 consilia,
1146 1195 1216 1249 quos
1228 1183 1325 1252 religio

130 1289 185 1335 icta
199 1283 288 1335 claros
301 1280 441 1345 reddebat,
455 1279 550 1332 salutis
573 1293 638 1331 suae
656 1279 731 1332 utilia
750 1292 858 1344 semper
876 1279 1044 1346 requirebat,
1064 1280 1193 1335 mandata
1211 1285 1258 1336 bei
1272 1290 1325 1338 stu-

130 1383 189 1435 ise³
201 1377 955 1445 obse1·i·ans4,utinearidereturcompieriscriptura⁵
968 1392 1039 1446 quae
1049 1380 1115 1433 dicit
1125 1396 1133 1434 r
1145 1382 1241 1435 Deum
1251 1383 1326 1438 mma

133 1480 291 1555 mandata
304 1480 372 1546 ejas
384 1478 521 1533 observa.

130 1582 160 1634 3.
179 1583 352 1632 Transeunte
364 1580 446 1646 igitur
458 1579 545 1644 spatio
565 1579 705 1644 temporis,
717 1578 774 1644 jam
786 1578 942 1631 beatissima
961 1592 1025 1644 prae
1039 1580 1152 1634 caritate
1164 1580 1211 1635 bei
1227 1594 1325 1649 rennu-

130 1685 190 1733 ata
203 1693 233 1732 se
250 1693 373 1732 amorem
386 1680 487 1743 carrus,
501 1678 666 1744 fervensque
680 1678 708 1728 in
727 1678 828 1742 spiritu
850 1684 955 1745 sancto,
969 1677 1145 1733 desiderabat
1161 1681 1189 1732 in
1203 1681 1326 1735 castitate

130 1793 153 1832 ro
164 1781 272 1846 placere
284 1779 303 1832 ¹.
318 1782 357 1831 dx
374 1780 421 1832 bei
434 1779 536 1845 quinne
558 1778 699 1842 mandato,
712 1776 793 1830 suum
816 1777 911 1830 volens
933 1777 1040 1830 lucrare
1060 1779 1159 1845 virum,
1172 1780 1324 1834 secundum

130 1892 151 1930 c
161 1879 232 1946 quod
243 1879 375 1945 scriptum
389 1884 429 1930 est
443 1894 449 1929 :
464 1877 758 1945 Diliaepraoaimum
771 1879 859 1929 tuum
869 1879 1031 1943 tamquam
1041 1880 1069 1932 te
1078 1879 1193 1946 rasum,
1206 1879 1325 1948 simplici

130 1978 249 2030 »stamine
262 1983 292 2029 ut
305 1977 414 2042 potebat
433 1975 566 2028 suadebat
578 1989 652 2037 eum,
672 1981 702 2028 ut
719 1975 935 2028 conversationis
952 1976 1088 2042 gmtiam²
1101 1983 1128 2031 et
1139 1978 1326 2034 continentiae

130 2082 228 2129 rtutum
242 2077 377 2128 baberent
397 2075 554 2127 mercedem
576 2075 766 2138 convertendi,
788 2082 818 2128 ut
841 2076 869 2127 in
890 2088 945 2126 uns
966 2076 1107 2143 conjuncti
1126 2089 1220 2143 carne,
1241 2079 1325 2132 unius

130 2176 247 2228 moriset
259 2175 399 2242 dignitatis
411 2174 515 2242 gloriae
537 2175 705 2227 haberentur
724 2175 823 2239 amb0;
845 2186 1017 2241 accensaque
1037 2175 1140 2240 Spiritu
1162 2183 1268 2240 sancto,
1286 2179 1326 2230 sic
1422 2245 1424 2254 Ι

130 2285 135 2320 ι
152 2273 280 2327 advirum
293 2287 374 2326 suum
387 2289 393 2324 ε
407 2272 473 2326 Scio
495 2275 532 2340 te,
553 2273 678 2326 domiue
697 2285 792 2338 meus,
819 2272 951 2326 libenter
973 2274 1088 2328 audire
1109 2288 1190 2342 quae
1210 2279 1324 2330 saneta

130 2374 181 2425 trit.
194 2373 363 2439 Paulisper
374 2384 485 2425 aurem
497 2371 697 2424 adcommoda
715 2372 757 2423 ad
775 2384 858 2425 meos
869 2385 1035 2436 samaras,
1048 2376 1085 2425 ai
1096 2375 1179 2428 nosti
1187 2374 1201 2415 ³
1212 2375 1325 2428 verita-

130 2483 171 2537 m,
185 2487 278 2540 qaam
299 2472 452 2539 sapientis
474 2471 600 2525 animus
621 2484 683 2523 aaa
703 2473 838 2523 recusat.
862 2473 893 2521 iil
913 2469 1014 2536 adjecit
1034 2471 1150 2524 dicens:
1174 2474 1324 2527 Memento

130 2572 296 2626 adsumus
308 2585 383 2626 earo
394 2569 526 2639 fraqitie
538 2573 567 2622 et
580 2569 687 2636 pulsis
699 2568 840 2637 futurus.
858 2569 1029 2635 dabitemus
1046 2583 1118 2639 maa
1129 2583 1169 2624 ae
1187 2571 1252 2624 aito
1270 2585 1325 2625 aa·

130 2672 312 2739 “aebliaata
325 2686 346 2725 a
354 2671 493 2737 peccatis
513 2668 630 2722 nostris
651 2670 822 2734 remaneat,
845 2671 880 2720 ut
902 2669 936 2720 iri
956 2669 1039 2722 diem
1054 2669 1322 2732 judiciiuassiue

130 2768 277 2835 nimione
289 2770 462 2823 uideamus.
476 2767 622 2833 subjunxit
636 2774 726 2819 tamen
747 2774 774 2818 et
788 2767 877 2819 dixit:
893 2748 1107 2833 Voluptatibus
1119 2769 1229 2822 caruis
1245 2769 1326 2823 dete·

130 2869 186 2931 ιιι,
193 2883 250 2937 per
263 2869 390 2922 inlicita
411 2868 580 2922 cecidimus
597 2867 769 2933 destueruto.
789 2868 877 2920 Modo
891 2870 994 2920 tomen
1008 2881 1028 2920 a
1042 2868 1138 2921 licitis
1150 2870 1247 2923 etiam
1259 2883 1327 2924 aas·

130 2967 240 3033 remeas
252 2966 470 3033 restriaqemla
486 2978 699 3031 resurqamus.
721 2965 877 3031 Scriptum
898 2967 943 3017 est
964 2965 1070 3019 euim:
1096 2966 1225 3033 Taunus
1237 2967 1325 3022 breue

130 3060 153 3124 i,
170 3066 199 3118 ia
207 3053 375 3132 maximat
388 3069 443 3118 est.
456 3064 622 3130 Reliquum
639 3066 684 3115 est
702 3065 737 3115 ut
755 3064 809 3128 qui
828 3062 941 3116 liabent
959 3075 1074 3117 imeres
1093 3066 1253 3130 tamquam
1264 3079 1327 3119 aaa

130 3157 239 3218 beriles
249 3166 324 3217 siat.
339 3164 514 3218 Recordare
530 3163 614 3214 euim
627 3160 800 3227 prophetae
817 3162 946 3222 dietum,
965 3161 1019 3215 udi
1030 3162 1099 3216 ait:
1118 3163 1247 3229 Tempus
1259 3178 1321 3217 am·

130 3264 258 3330 &claudi
272 3267 302 3317 et
314 3267 435 3329 ternpus
447 3260 626 3315 abstinendi
638 3274 751 3313 mamm
761 3274 782 3312 a
800 3261 987 3326 miapleaui.
1002 3261 1081 3319 Quid
1091 3261 1176 3314 uobis
1189 3265 1219 3316 et
1241 3264 1325 3316 catu·

130 3361 199 3413 atii
210 3363 327 3428 carnis,
342 3375 422 3428 quae
439 3361 472 3413 ia
490 3357 742 3426 meminerimus
756 3360 768 3412 t
785 3359 1005 3413 Adulescentia
1022 3360 1105 3413 eslim
1128 3363 1158 3413 et
1181 3362 1325 3429 uoluptas

130 3461 205 3514 rvris
216 3461 320 3515 mnata
333 3473 416 3512 caua
427 3463 512 3524 sual,
522 3459 554 3511 in
563 3458 712 3525 praaimo
725 3457 869 3524 quideml
877 3460 1113 3524 pertranseunt.
1127 3461 1225 3525 sicque
1236 3461 1322 3512 elisit:

130 3558 308 3622 nfiteamur
320 3557 483 3610 burur’titer
494 3560 524 3609 et
546 3570 606 3609 tcao
624 3569 785 3620 colosenses,
796 3556 878 3610 sicat
895 3557 983 3610 docet
998 3557 1209 3624 Apostolus&
1230 3560 1325 3626 Confi-

130 3658 205 3711 m'm'
221 3662 353 3727 peecata
370 3661 485 3724 vestra,
508 3658 584 3711 ctum
602 3658 820 3724 paactteatiae
840 3655 1019 3723 satisfactio
1038 3660 1067 3711 et
1086 3658 1150 3712 oris
1167 3656 1323 3726 confessio

130 3757 185 3809 >ua
195 3760 289 3811 Deum
305 3759 400 3823 arata
412 3761 468 3810 est.
487 3759 598 3811 Poteris
622 3759 668 3809 est
685 3757 740 3809 ille
758 3758 925 3809 aemuler
943 3756 1110 3823 lassescere,
1133 3758 1188 3823 qui
1207 3757 1326 3810 lamam

130 3854 257 3919 muana·
269 3857 393 3909 ceulam
401 3858 518 3923 procul
530 3855 622 3908 dubio
640 3855 736 3908 dedit.
758 3857 801 3906 vir
818 3856 888 3920 ejus,
907 3856 973 3907 dum
991 3856 1059 3907 baec
1072 3856 1198 3921 audiens,
1212 3857 1325 3922 putabat

130 3950 192 4015 rioci
203 3969 284 4009 causa
297 3956 399 4022 aliquid
413 3955 460 4008 tali
475 3953 588 4008 dicere9
598 3975 605 4022 3
616 3955 664 4007 sed
678 3961 769 4006 tammo
783 3953 979 4020 admiransque
988 3955 1149 4008 excelientis
1157 3954 1325 4009 desiderium

130 4043 167 4105 lus.
180 4057 210 4107 ct
220 4056 300 4107 ailad
314 4067 373 4108 eam
384 4054 407 4094 1⁰
419 4056 516 4106 anxius
528 4061 609 4121 atque
623 4061 752 4117 maestus
763 4055 802 4105 sic
811 4054 902 4105 taliter
912 4053 1166 4117 adlocutus,dicens
1180 4071 1186 4107 :
1201 4055 1240 4108 Et
1249 4054 1324 4108 baec

136 4215 218 4272 dum.
232 4217 264 4269 2.
280 4245 312 4255 -
326 4218 334 4259 1
349 4218 489 4284 tbegense
502 4219 526 4269 2.
544 4218 596 4258 -2
612 4216 720 4269 Giduiio
737 4220 759 4268 t.
774 4219 829 4258 -3
844 4220 884 4277 (b.
898 4219 933 4281 s.)
944 4216 1103 4270 destudiose
1116 4221 1140 4270 t.
1165 4245 1193 4255 -
1206 4222 1218 4259 4
1232 4230 1321 4270 serva·

130 4309 143 4357 ti
153 4307 176 4357 2.
191 4329 221 4339 -
234 4303 248 4342 5
262 4301 363 4366 scripta
376 4303 402 4352 2.

130 4390 217 4443 Nunc
233 4386 265 4439 3.
280 4412 310 4421 -
325 4386 333 4426 1
348 4386 386 4447 (b.
402 4386 440 4448 p.)
455 4399 479 4448 q.
492 4385 520 4434 il.
531 4383 556 4434 b.
570 4410 602 4419 -
613 4384 625 4423 2
638 4384 740 4447 gratiae
760 4384 784 4434 t.
801 4385 858 4424 -3
872 4383 958 4434 nostis
970 4383 996 4433 i.
1011 4409 1040 4418 -
1053 4384 1064 4422 ⁴
1079 4382 1233 4446 proximum
1244 4384 1268 4434 Ξ.
1291 4410 1322 4419 -

130 4470 249 4532 oluntati
263 4466 524 4531 inolesceret-0
539 4466 645 4517 brevit.
655 4493 686 4500 —
698 4467 710 4505 7
724 4464 815 4517 omnia
825 4466 849 4517 Ξ.
863 4465 917 4509 -8
930 4465 1024 4516 dicens
1033 4463 1106 4515 add.
1117 4464 1141 4516 Ξ.
1153 4463 1208 4502 -9
1221 4465 1323 4516 diceret

130 4587 156 4600 -
170 4556 196 4598 ιο
208 4564 275 4606 eum
288 4551 313 4601 2.
