3076 5498
267 309 361 358 amu.
380 307 465 357 uir.
484 307 600 356 rums
619 327 665 337 —
681 306 833 355 urrann.
854 307 900 355 un
917 306 996 355 con.
1016 303 1106 355 13784.
1238 289 1303 356 217

130 490 148 527 n
158 477 244 545 integri
256 477 286 529 in
298 487 331 530 eo
350 480 461 542 pareret
471 474 622 541 vestigium.
638 473 741 526 anxius
761 479 839 539 pater
857 486 905 539 pro
920 472 986 539 illio,
999 477 1086 526 tactim
1099 472 1195 526 dolore
1214 471 1305 526 cordis

130 579 192 644 genti,
205 577 335 630 madebat
351 575 478 628 lacrimas
491 575 639 639 uberrime,
650 573 785 636 lacrimas,
799 574 922 640 inquam,
935 572 1131 626 consolatrices
1146 571 1304 625 maestitiae.

130 687 172 725 rum
187 680 240 728 erat
253 674 278 728 ei
291 673 458 736 subsidium,
471 673 537 724 dum
556 670 612 724 tilio
625 685 674 725 suo
687 684 744 724 non
757 671 915 724 inveniebat
928 671 1080 723 medicinae
1094 669 1256 736 remedium,
1277 674 1306 722 ut

130 772 177 824 lens
187 778 260 840 pater
272 771 359 825 tilium
372 772 478 838 lugeret
491 778 516 823 et
529 769 628 822 affectu
641 775 757 835 paterno
769 769 910 822 doloribus
924 768 971 821 dlii
985 769 1156 823 condoleret.
1168 769 1308 822 ‘laedebat

130 886 152 923 m
162 874 222 925 vitae
233 886 310 935 suae,
324 872 454 939 quoniam
478 872 593 938 languor
615 870 662 922 tilii
675 850 738 924 eum
751 871 872 923 atrocius
884 871 1008 935 vexabat,
1020 883 1076 923 non
1090 883 1169 937 posse
1181 870 1309 922 utrumli-

130 974 213 1025 tcitius
225 974 306 1037 mori,
319 986 382 1025 cum
395 972 466 1024 male
478 971 594 1023 vivendo
608 984 681 1022 mors
693 972 836 1037 utriusque
848 976 957 1037 poterat
969 983 1021 1037 nec
1034 982 1083 1023 sua
1095 970 1235 1023 voluntate
1254 969 1306 1021 dii·

130 1070 276 1124 uilroinde
287 1073 316 1123 in
329 1071 424 1124 dolore
436 1084 550 1123 versans
563 1071 644 1122 vitam
667 1074 695 1122 et
715 1070 859 1123 luminosis
869 1071 969 1123 mentis
980 1082 1046 1123 suae
1059 1070 1147 1123 oculis
1158 1069 1307 1137 caliginem

130 1168 216 1225 dumus
228 1172 411 1235 lacrimosam,
425 1176 533 1236 praeter
553 1183 629 1235 spem
642 1182 713 1235 quae
735 1170 769 1222 de
782 1170 879 1222 Christi
891 1172 954 1223 lesu
968 1169 1106 1236 pendebat
1123 1167 1309 1222 misericordia

130 1268 156 1318 iil
166 1271 273 1336 amplius
288 1271 354 1336 quid
377 1282 488 1335 sperare
504 1269 631 1333 habebat,
646 1269 698 1320 nisi
721 1269 882 1323 carricando
902 1271 930 1322 in
943 1269 1042 1322 clitella
1055 1269 1133 1322 illum
1152 1272 1308 1321 sanctorum

130 1367 157 1418 cis
166 1370 332 1422 circumferre
345 1375 372 1422 et
384 1382 433 1434 pro
447 1367 614 1420 sublevanda
628 1368 719 1433 inopia
733 1368 917 1421 mendicando
930 1369 1030 1421 mentis
1042 1371 1068 1421 et
1080 1367 1203 1433 corporis
1220 1367 1308 1420 subsi-

130 1477 163 1517 um
178 1469 336 1534 quaeritare.
349 1468 425 1521 Unde
448 1467 603 1520 factumest
624 1475 653 1520 ut
673 1472 736 1533 post
751 1480 860 1520 accessa
880 1468 997 1534 plurima
1018 1473 1177 1521 sanctorum
1199 1466 1257 1520 loca
1275 1458 1331 1518 ad'

130 1576 146 1615 lc
155 1565 282 1620 deveniret
303 1567 478 1629 coenobium,
497 1567 583 1619 sancti
606 1567 695 1620 basoli
709 1567 816 1634 insigne
837 1581 885 1634 per
898 1569 1037 1620 meritum.
1051 1568 1100 1631 Qui
1119 1580 1181 1619 cum
1194 1565 1242 1619 illo
1260 1579 1328 1619 suo¹

130 1662 205 1718 ibiculo
217 1679 265 1733 pro
286 1665 393 1719 loribus
413 1667 547 1719 assistens
564 1667 707 1732 ecclesiae,
720 1667 780 1718 lusa
793 1667 926 1733 quantula
937 1671 1145 1733 precepoterat,
1164 1665 1310 1719 alimoniae

129 1760 182 1826 ipen
192 1766 310 1831 petebat.

133 1860 220 1915 iuterim
234 1864 364 1917 iratribus
378 1865 430 1918 lruc
442 1865 562 1932 illucque
574 1878 624 1932 pro
636 1865 749 1919 arbitrio
761 1878 811 1919 seu
824 1864 990 1919 necessitate
1002 1863 1255 1931 obambulantibus,
1267 1864 1310 1917 sir

130 1961 194 2013 cessit
204 1964 343 2016 seniorum
356 1962 419 2016 loci.
428 1963 498 2015 vidit
510 1964 583 2016 enim
597 1977 660 2016 eum
671 1963 830 2017 ueneranda
842 1962 945 2017 canitie
956 1963 1229 2029 respersum,decora
1242 1962 1310 2016 facie

130 2062 319 2125 toreumatis
339 2062 416 2115 vultu
431 2064 555 2129 corporis
571 2063 707 2130 cogitabat
728 2067 855 2116 ornatum
878 2064 988 2125 mentis,
1001 2063 1035 2116 de
1056 2063 1147 2129 speeie
1165 2067 1191 2115 et
1203 2062 1310 2116 babitu·
1390 2131 1394 2139 Ι

130 2163 276 2228 nearporis
290 2163 452 2229 sapientiam
465 2164 597 2230 pensabat
612 2164 716 2216 aetatis.
731 2165 783 2215 Pro
802 2176 831 2215 re
849 2162 1007 2229 hujusmodi
1026 2162 1165 2215 humiliter
1176 2160 1311 2215 accedens

130 2251 199 2324 lenm,
212 2262 248 2313 sic
270 2275 351 2315 orsus
371 2261 474 2314 ostiari
489 2279 495 2314 :
510 2262 637 2315 Domine
653 2264 758 2330 pater,
772 2261 857 2315 beate
877 2261 1035 2329 monache,
1050 2261 1106 2316 Dei
1122 2272 1218 2328 serve,
1232 2259 1311 2313 aadi

130 2361 324 2414 amoenitate
335 2364 365 2414 et
386 2361 511 2414 intende
525 2374 609 2429 prae
628 2362 821 2415 necessitate.
836 2360 981 2415 listmihi
998 2361 1049 2416 bic
1069 2362 1104 2414 in
1112 2360 1309 2428 praesentia·

130 2465 163 2508 tm
172 2471 255 2528 unns,
269 2461 394 2514 atinam
405 2474 578 2527 numquam
590 2463 695 2518 natta,
709 2474 882 2528 numquam
900 2461 995 2527 visas,
1008 2461 1106 2535 filias,
1120 2473 1210 2527 pacm
1220 2461 1310 2513 tanta

130 2550 261 2613 iteraret
282 2560 483 2629 infirmitatis
502 2562 540 2613 at
557 2560 668 2613 nutias
689 2561 807 2613 mattae
826 2560 867 2612 sit
888 2561 999 2614 modas
1015 2559 1194 2628 passionis,
1216 2559 1310 2612 nulia

130 2649 255 2715 'mititudo
267 2663 317 2714 oet
336 2663 530 2728 comparatio
537 2674 600 2729 pro
620 2662 807 2714 enormitate
828 2659 922 2727 bajas
939 2661 1158 2729 aepritadinis.
1180 2661 1218 2714 nt
1236 2660 1310 2726 quia

130 2752 194 2808 ttici
203 2771 254 2813 cos
265 2759 324 2812 Dei
334 2771 439 2812 saeos
450 2760 479 2812 et
492 2759 527 2812 in
544 2759 698 2814 carendis
711 2759 951 2828 infirmitatibus
963 2738 1135 2826 prodentes
1153 2762 1183 2813 et
1199 2758 1311 2813 merito

130 2847 206 2910 briem
224 2859 367 2925 medicos,
382 2859 501 2926 inspice
519 2857 680 2926 afflictam,
701 2859 820 2925 respice
843 2858 997 2925 sanciam,
1019 2859 1183 2913 considera
1203 2860 1310 2925 patre·

130 2947 196 3010 t'teet
207 2959 360 3012 ommibus
373 2959 522 3027 tabidam,
536 2962 633 3025 cipro
644 2959 864 3012 misericordia
875 2960 931 3012 Dei
942 2956 993 3026 fer
1002 2971 1089 3026 opem
1098 2956 1207 3026 ferque
1216 2971 1311 3012 reme·

130 3045 183 3121 sum,
194 3058 319 3125 andalae
336 3061 372 3111 at
389 3059 483 3113 dortes
500 3059 677 3113 consiliam.
691 3060 808 3112 Manor
825 3061 972 3125 naturae,
985 3072 1102 3112 memor
1119 3058 1310 3112 condicionis

130 3159 244 3223 ittonae,
253 3171 352 3224 parce
367 3159 460 3225 patri
482 3160 609 3226 irrpertti,
632 3159 762 3224 inderipe
783 3159 850 3226 filio
872 3159 985 3212 misere
1006 3158 1134 3225 dolenti,
1158 3161 1193 3211 ai
1214 3158 1310 3211 anias

130 3256 275 3319 imperatio
292 3258 335 3311 sit
346 3258 487 3311 aliorum
498 3260 536 3311 de
548 3259 732 3311 multimodo
744 3271 851 3312 errore
863 3261 892 3311 et
905 3258 1035 3312 horrore
1046 3259 1225 3312 consolatio.
1237 3258 1310 3310 ‘lalia

130 3355 218 3408 &babai
239 3371 403 3420 memorans,
417 3356 598 3424 lacrimasque
620 3359 718 3410 ciebat.
733 3356 771 3409 ld
785 3371 856 3423 auae
878 3359 1049 3423 respondens
1061 3358 1204 3424 perpaucis
1218 3357 1310 3409 intulit

130 3454 267 3522 tloszlllos,
285 3458 383 3523 inquit,
405 3457 582 3510 carationes
606 3469 771 3523 corporeas
791 3471 853 3511 non
875 3457 1031 3524 habemas,
1054 3457 1227 3511 medicinas
1247 3469 1311 3510 non

130 3551 260 3614 misimus
271 3573 280 3622 ,·
292 3558 331 3608 de
342 3557 398 3609 Dei
409 3559 533 3609 tantam
543 3557 652 3624 pratia
664 3569 830 3623 speramns
842 3559 871 3610 et
885 3557 919 3609 in
931 3557 998 3620 ejra
1010 3557 1135 3609 nomine
1147 3556 1203 3609 tibi
1215 3569 1311 3610 carae

130 3653 255 3724 asidam,
268 3658 299 3710 si
311 3658 364 3710 illi
368 3659 539 3724 placuerit,
552 3659 673 3711 damas.
689 3659 740 3711 Est
752 3658 802 3711 ht'c
819 3655 891 3725 fons
909 3658 1013 3711 sancti
1029 3657 1146 3723 domii,
1156 3657 1263 3724 patris
1280 3661 1311 3711 et

130 3751 261 3806 tractans
281 3755 394 3817 nostri,
400 3767 460 3821 per
480 3755 626 3808 virtatem
647 3757 791 3808 caelestis
809 3757 934 3822 pratiae
947 3755 981 3807 in
998 3755 1166 3809 miraculis
1184 3755 1308 3822 egregii,

130 3854 281 3917 langastiis
293 3857 323 3906 et
334 3854 566 3907 necessitatibus
574 3854 716 3921 piissimi
724 3858 753 3907 et
760 3855 973 3922 paratissimi,
985 3855 1014 3906 si
1022 3855 1067 3906 sit
1077 3855 1130 3921 qai
1143 3855 1209 3919 eius
1221 3853 1311 3906 auni-

131 3948 334 4006 umbamiliter
353 3954 496 4019 requirat
517 3956 545 4006 et
558 3953 707 4021 beneficia
729 3954 866 4021 fideliter
885 3956 1019 4020 caperat.
1036 3955 1080 4006 Ta
1093 3953 1147 4020 pai
1166 3953 1268 4019 andis,
1282 3952 1312 4005 si

130 4044 215 4103 ieaar
233 4054 361 4120 accipis,
374 4054 441 4117 ejas
454 4054 588 4120 implora
608 4055 813 4121 clenentiam,
826 4055 992 4120 expostula
1005 4053 1256 4116 benedictionem,
1277 4056 1309 4106 et

130 4162 146 4198 t·
155 4150 313 4205 Dorrrinam
327 4154 432 4219 Deam,
442 4153 497 4218 pie
508 4153 666 4220 confidens
686 4154 723 4205 de
741 4152 842 4219 ipsias
855 4152 1021 4218 adjutorio,
1031 4164 1127 4218 perpe
1139 4152 1180 4204 ad
1192 4150 1309 4219 (antem

130 4263 155 4301 m
169 4265 275 4317 paero,
296 4254 428 4305 enatam
449 4265 520 4305 eam
542 4253 734 4304 indumentis
754 4253 915 4319 submerpe
934 4265 1004 4305 eam
1022 4266 1115 4318 aqna,
1128 4255 1159 4305 et
1178 4250 1311 4318 spondeo

131 4351 142 4400 i
162 4351 194 4402 in
215 4352 269 4404 Dei
287 4351 505 4404 misericordia
522 4352 607 4417 qaia,
620 4352 649 4403 si
666 4352 848 4415 crediderim
873 4351 991 4404 videbis
1011 4351 1182 4404 mirabilia.
1204 4354 1311 4416 Pauper

130 4493 136 4513 ,
151 4452 238 4503 serbis
252 4451 371 4503 bominis
385 4452 430 4503 [tei
452 4452 591 4513 credulus,
603 4452 711 4503 interim
735 4453 869 4516 patienter
890 4452 1005 4514 distulit,
1019 4450 1101 4502 iidem
1122 4451 1205 4503 cordo
1218 4450 1311 4502 conci·

130 4566 158 4602 ns
174 4559 201 4603 et
213 4564 272 4602 eam
288 4551 377 4602 bonae
398 4551 456 4616 spei
469 4562 563 4602 amore
576 4550 745 4603 suffulciens.
758 4549 796 4602 nd
811 4551 959 4615 nospitium
972 4557 1064 4602 tamen
1077 4549 1167 4614 rediit,
1181 4550 1312 4615 elemosy-

130 4651 267 4717 1accepit,
281 4655 309 4703 et
321 4655 382 4715 post
393 4651 516 4715 corporis
528 4650 707 4704 reiectionem
720 4650 811 4704 lectuli
825 4649 901 4716 potiit
913 4649 1112 4715 pausationem.
