3076 5498
149 104 213 171 138
492 117 615 168 onaan.
635 116 737 166 conn.
755 115 931 167 naamam
948 116 1030 167 nar.

147 292 355 359 tulumcumque
366 290 522 345 cubiculum
544 291 678 358 residens,
691 292 774 345 vitum
787 304 863 345 suam
874 291 966 359 potius
978 305 993 345 a
1005 291 1078 344 vitiis
1098 291 1239 360 corrigere
1260 290 1412 353 studea

148 405 230 460 quam
248 392 358 445 laudem
375 391 409 445 ab
430 392 589 446 bominibus
610 405 757 459 quaerens,
770 392 887 445 aliorum
909 391 1022 466 virtutes
1039 395 1145 444 tantum
1162 389 1257 444 verbis
1274 391 1412 452 nitatur

149 505 205 545 non
215 492 344 558 operibus
353 492 580 558 explanaretltec
590 493 642 544 hoc
651 491 712 545 ideo
722 491 848 557 dicimus,
857 491 936 558 quasi
946 504 1002 544 non
1011 490 1250 544 videaturbonum
1261 494 1307 543 aul
1330 507 1411 550 sm

149 597 222 642 ctum
235 590 304 642 vitas
317 595 399 656 atque
412 590 526 643 virtutes
539 594 696 642 sanctorum
709 590 920 643 commemorari
934 605 941 642 :
954 589 1018 656 quia
1036 588 1147 656 mando
1159 589 1196 643 de
1209 589 1276 655 ipsis
1291 589 1412 660 loqui-

149 702 220 756 mur,
237 694 302 740 tunc
314 689 397 741 corda
415 693 507 741 nostra
520 688 657 742 salubrius
668 693 900 755 compunguntur,
912 694 940 742 et
951 688 975 741 si
992 688 1092 740 imitari
1112 701 1192 741 mens
1210 694 1303 741 nostra
1342 705 1409 744 non

150 787 221 841 valet
232 787 306 854 quod
318 788 425 851 recolit,
440 788 537 841 saltem
549 802 582 840 er
594 787 689 842 auditu
701 793 748 841 aut
760 790 832 841 lectu
843 787 982 841 desiderio
994 786 1181 841 inflammatur
1193 794 1275 855 atque
1285 800 1405 842 accen·

151 886 243 952 ditur;
256 887 304 940 sed
316 888 380 954 quia
392 886 427 939 ad
440 891 562 941 nostram
574 888 778 941 excusationem
798 888 882 941 multa
898 889 955 954 jam
972 900 1113 954 opponere
1124 888 1336 954 temptavimus,
1357 891 1397 947 ut,

152 987 175 1037 si
188 986 316 1051 possibile
328 986 423 1039 luisset
435 988 489 1039 tuis
501 988 622 1052 imperiis
636 989 781 1057 contraire,
795 989 829 1041 ab
846 988 897 1042 boc
910 989 1018 1057 negotio
1031 989 1208 1042 volueramus
1220 987 1393 1040 declinare:

151 1084 215 1151 quia
236 1083 314 1137 valde
327 1084 435 1138 videtur
452 1084 563 1138 difficile
584 1092 709 1138 eructare
732 1086 872 1138 bominem
884 1085 958 1152 quod
971 1087 1000 1137 in
1013 1085 1074 1139 cibo
1096 1099 1153 1139 non
1166 1086 1321 1152 sumpserit,
1335 1082 1391 1135 adi

152 1182 254 1249 aliquid
272 1183 371 1236 docere
385 1185 437 1236 nisi
450 1183 528 1250 prius
540 1184 675 1237 didicerit.
689 1188 755 1237 llam
769 1199 830 1239 cum
844 1198 894 1253 ego
907 1186 1020 1238 minime
1033 1186 1084 1238 sim
1098 1186 1194 1239 talenti
1208 1185 1279 1237 ditus
1290 1168 1409 1237 odic-5⁰¹

152 1287 198 1335 aut
209 1295 276 1335 usus
296 1283 388 1349 aliquo
413 1284 532 1352 ingenio,
548 1285 696 1351 quomodo,
719 1286 742 1337 si
763 1287 876 1338 annisus
897 1286 984 1351 luero,
998 1289 1092 1350 potero
1114 1298 1246 1352 umquam
1266 1279 1387 1337 evadese

153 1383 212 1435 sine
224 1382 365 1448 periculo?
378 1385 481 1436 Etenim
502 1386 524 1437 si
546 1385 656 1454 aggredi
679 1392 855 1453 temptavero,
869 1398 966 1439 vereor
978 1400 1013 1439 nc
1025 1386 1092 1438 mibi
1105 1386 1226 1453 contigat
1236 1383 1302 1451 quod
1315 1365 1387 1433 eui·

152 1481 215 1534 dam
226 1482 372 1549 contigisse
388 1482 489 1535 audivi.
502 1486 567 1536 Nam
591 1491 700 1551 rogatus
716 1497 731 1536 a
744 1485 919 1551 quibusdam,
932 1486 982 1536 viri
996 1485 1214 1538 reverentissimi
1232 1461 1390 1536 philiberti

155 1582 311 1634 monasterii
325 1583 521 1635 demeticensis
532 1585 672 1650 quondam
691 1584 807 1651 abbatis,
821 1585 904 1637 vitam
921 1590 1002 1651 atque
1020 1585 1257 1637 conversationem
1269 1573 1394 1663 diiigessj

155 1679 208 1731 tius
220 1692 343 1744 exarare,
356 1680 420 1734 ilico
433 1683 554 1734 seribere
572 1689 685 1735 conatus
703 1688 752 1735 est.
766 1686 832 1735 Cum
845 1688 936 1736 autem
947 1683 981 1736 ad
1000 1695 1098 1736 manus
1116 1681 1257 1748 eujusdam
1273 1680 1341 1746 legen
1347 1655 1397 1715 ὀὶ

152 1779 237 1846 gratia
258 1781 437 1844 pervenisset,
450 1782 574 1848 desperit
592 1769 619 1834 et
630 1783 722 1835 arrisit
740 1789 767 1835 et
788 1783 867 1851 longe
889 1783 968 1836 aliter
989 1787 1092 1836 textum
1114 1786 1141 1835 et
1155 1781 1278 1834 ordinem
1292 1765 1402 1830 mult⁰

153 1879 252 1932 melius
271 1880 441 1934 dissimiliter
453 1883 614 1935 immutavit.
627 1884 681 1948 Ego
694 1890 786 1935 tamen
799 1891 948 1950 utrumque
966 1883 1037 1935 bene
1056 1882 1153 1935 iecisse
1167 1881 1297 1935 existimo.
1308 1866 1407 1930 pass

154 1977 201 2032 ille
219 1980 266 2046 qui
281 1980 355 2045 prior
370 1987 469 2033 'mente
488 1981 586 2034 devota
602 1983 678 2048 juxta
692 1983 763 2034 vires
775 1983 932 2048 petentibus
952 1981 1082 2035 fratribus
1103 1981 1244 2047 satisfecit,
1257 1978 1304 2032 nisi
1322 1963 1410 2028 110⁶

155 2077 274 2142 fecisset,
288 2079 348 2144 ejus
368 2080 500 2142 animum,
515 2080 562 2146 qui
584 2085 645 2146 post
664 2081 736 2144 lecit,
751 2081 784 2132 ati
805 2080 962 2133 iaciendum
981 2080 1139 2133 nullatenus
1160 2055 1412 2144 provocasset&

154 2178 259 2230 utinam
280 2179 343 2231 huic
362 2178 489 2232 similiter
509 2180 631 2232 eveniret
649 2181 792 2246 opusculo.
812 2183 877 2233 Nam
896 2181 1022 2247 optabam
1044 2180 1073 2232 in
1097 2178 1206 2232 modico
1225 2163 1412 2243 simplicitei

154 2281 258 2331 lantum
277 2278 441 2346 significare,
454 2281 520 2333 acsi
533 2280 674 2346 divinitus,
687 2280 762 2347 quod
775 2281 919 2347 praecipis.
935 2283 1100 2334 Provocatns
1113 2280 1218 2346 itaque,
1231 2263 1412 2332 οοτωιιοῑιιΕ

154 2383 330 2445 tremensque
351 2379 433 2432 verba
456 2359 755 2443 contractaremus
779 2381 952 2446 requiescere
981 2385 1008 2433 et
1028 2379 1184 2432 inhabitare
1204 2371 1352 2444 perspexer't
1366 2362 1412 2410 ί

154 2479 235 2531 debet
246 2485 310 2531 tunc
324 2491 488 2546 magnopere
509 2480 572 2534 totis
593 2481 698 2533 nisibus
716 2480 841 2533 laborare
863 2493 897 2532 ne
917 2480 1090 2533 occultentur
1110 2491 1194 2545 opera
1215 2463 1412 2537 christis9⁴

155 2577 239 2644 magis
252 2577 363 2630 lucerna
372 2579 429 2644 jam
442 2578 526 2630 semel
539 2591 665 2643 accensa,
679 2592 734 2632 non
745 2578 796 2631 sub
809 2578 900 2632 modio
913 2578 960 2631 sed
973 2591 1057 2644 super
1068 2577 1265 2631 candelabrum
1283 2569 1412 2640 posit?

153 2676 248 2730 lucens
260 2679 388 2731 omnibus
401 2679 448 2745 qui
462 2679 490 2730 in
506 2679 588 2732 domo
605 2684 678 2746 sunt,
692 2693 748 2732 non
762 2680 850 2732 solum
864 2680 1002 2745 praesenti
1022 2684 1129 2732 tantum
1141 2684 1264 2744 tempore
1283 2656 1412 2727 dbri5¹

153 2775 281 2830 fidelibus
294 2779 480 2845 exstinguatur
492 2783 539 2831 aut
551 2778 745 2844 abscondatur,
759 2792 855 2831 verum
869 2778 902 2830 ad
915 2779 1081 2844 posteritatis
1093 2781 1270 2845 augmentum
1282 2786 1297 2826 a
1311 2765 1412 2838 quO

153 2876 193 2928 vis
205 2877 319 2929 oratoris
340 2877 466 2930 facundia
488 2879 617 2931 frustrato
635 2877 677 2931 vel
697 2877 819 2930 ludentis
842 2878 1030 2943 philosophiae
1048 2877 1147 2942 peritia
1168 2876 1268 2938 alieno,
1283 2869 1401 2926 mslit5
1409 2869 1412 2887 ¹

153 2973 281 3029 videlicet
294 2976 470 3043 impolitoque
483 2990 619 3044 sermone,
632 2982 662 3029 ut
674 2975 835 3029 indeficiens
849 2977 938 3030 luceat
947 2977 1104 3044 jugiterque
1121 2974 1294 3042 resplendeat
1303 2970 1412 3036 0th

154 3073 225 3138 bam,
240 3076 359 3141 exempli
381 3089 463 3128 causa
475 3077 728 3143 quantulocumque
748 3088 854 3144 pagano
872 3076 968 3129 litteris
981 3074 1200 3142 commendetur,
1215 3080 1247 3128 ut
1258 3073 1323 3126 sicut
1336 3069 1354 3121 il
1371 3046 1412 3110 J

153 3173 211 3240 qui,
224 3173 305 3239 paulo
318 3179 381 3226 ante
393 3176 532 3239 corporeis
545 3175 631 3227 oculis
644 3176 793 3238 intuentes,
807 3187 855 3240 per
877 3173 1039 3239 semetipsos
1049 3173 1184 3242 magnalia
1196 3173 1329 3236 viderunt,
1339 3158 1412 3219 iij

154 3274 181 3325 bi
194 3275 241 3340 qui
254 3273 369 3341 tegendo
393 3280 521 3328 revocant
541 3281 604 3328 ante
618 3274 712 3328 oculos
732 3274 823 3326 cordis
844 3275 1001 3342 praeterita,
1014 3273 1169 3341 glorificent
1181 3276 1267 3327 iteum
1279 3260 1412 3326 Patres

154 3372 200 3439 qui
214 3373 294 3425 estin
307 3372 398 3426 caelis.

614 3576 704 3633 Item
725 3572 914 3646 praefatio.

185 3771 251 3821 Cum
266 3769 347 3835 igitur
359 3768 430 3820 vitae
443 3768 485 3820 vel
505 3773 580 3835 gesta
601 3775 758 3821 sanctorum
771 3768 909 3820 narrando
930 3766 1097 3830 recoluntur,
1110 3764 1179 3832 quid
1205 3764 1282 3819 aliud
1304 3777 1381 3832 quam

154 3867 213 3919 laus
226 3867 269 3918 vel
287 3867 372 3934 gioria
393 3867 440 3919 liei
462 3865 637 3933 praedicatur
657 3872 739 3933 atque
753 3879 801 3931 per
822 3867 873 3918 boc
886 3871 991 3918 mentes
1011 3863 1185 3918 audientium
1206 3863 1246 3917 ad
1265 3851 1412 3917 amorem5

154 3967 279 4019 caelestis
291 3966 393 4031 patriae
415 3965 641 4018 inflammantur?
655 3969 711 4030 Qua
723 3965 758 4017 de
780 3979 809 4017 re
823 3969 968 4032 poscentes
980 3963 1110 4040 auxilium
1133 3963 1322 4029 omnipotenti
1333 3965 1385 4016 ileu

155 4065 320 4132 redemptori
333 4073 437 4129 nostro,
451 4067 496 4131 qui
512 4066 618 4132 linguas
630 4066 775 4118 infantium
790 4065 853 4117 lacit
863 4063 979 4116 disertas
991 4062 1161 4129 etplectrum
1171 4062 1286 4131 linguae
1294 4065 1386 4116 asinae

154 4172 249 4218 contra
262 4170 387 4218 naturam
400 4165 465 4217 olim
479 4166 558 4216 vertit
570 4165 598 4216 in
611 4164 738 4231 eloquiis,
752 4169 821 4216 utet
841 4164 896 4216 oris
909 4163 996 4216 nostri
1006 4164 1120 4229 januam
1133 4163 1243 4227 aperiat
1254 4171 1387 4230 apertam·

155 4278 208 4331 que
230 4264 386 4331 adimpleat,
400 4266 529 4331 quatinus
550 4277 613 4317 cum
626 4264 726 4317 tiducia
748 4263 841 4316 dicere
852 4264 965 4329 possim,
979 4266 1133 4314 sustentare
1155 4274 1223 4315 eum
1237 4263 1286 4330 qui
1302 4263 1389 4317 lassus

153 4371 195 4418 ost
207 4364 299 4417 verbo.
320 4365 396 4418 lindc
409 4379 471 4418 cum
494 4377 591 4430 magna
605 4364 759 4417 bumilitate
780 4364 893 4416 obsecro
906 4376 953 4416 eos
974 4362 1022 4429 qui
1045 4362 1142 4415 lecturi
1164 4369 1242 4431 sunt,
1257 4371 1288 4416 ut
1310 4362 1412 4417 iidcmt
