3076 5498
255 320 301 388 92
599 337 724 388 caran.
744 337 846 387 cono.
866 336 1041 388 usercen.
1063 335 1143 387 nur.

255 506 384 560 vitiorum
405 506 555 561 scabellum
577 505 678 573 pedum
691 519 814 569 suorum,
824 504 960 574 gaudebat
971 506 1062 559 anima
1071 505 1131 572 ejus
1139 505 1168 557 in
1182 505 1300 559 bomine
1311 509 1340 558 et
1351 506 1488 560 exultabat

258 607 368 673 spiritus
375 605 473 674 ejusin
483 609 536 660 lieo
544 606 656 660 salutari
664 606 843 661 suaviucula
851 613 977 659 terrenae
987 604 1488 674 molisgravitertolerabat,etquanto

258 705 506 772 viribuscorporeis
515 706 717 773 destruebatur,
728 711 803 759 tanto
811 706 895 775 magis
905 706 1059 760 libertatem
1069 706 1232 772 promissam
1242 705 1487 773 ampliussiliebat,

259 806 455 872 cumlpostolo
464 807 573 860 dicens:
584 806 678 874 Oupio
687 807 820 860 dissolri
827 809 927 860 etesse
935 805 1134 860 cumdlruto
1143 805 1355 872 maltomapis
1364 806 1486 860 mlius.

258 906 334 970 Quod
347 919 397 972 per
406 906 549 974 speculum
564 908 593 961 in
606 909 758 974 aenigmate
768 909 826 974 jam
847 920 932 960 senex
944 920 976 961 ac
994 906 1176 961 lassabundus
1187 906 1312 970 tenebat,
1325 906 1380 960 boe
1397 905 1489 960 videre
1503 908 1532 960 Ε

257 1007 370 1061 ardebat
388 1021 438 1072 per
449 1007 578 1074 speciem.
594 1011 684 1061 Bonus
695 1013 785 1061 autem
799 1007 931 1061 bominus
944 1008 1043 1061 messis
1054 1005 1199 1061 differebat
1218 1006 1415 1072 succisionem,
1427 1006 1490 1074 quia

256 1113 438 1175 opportunam
452 1114 566 1161 noverat
576 1120 608 1160 ac
617 1106 781 1174 disponebat
790 1108 985 1161 maturitatem.
998 1107 1106 1160 viderat
1115 1107 1191 1160 enim
1202 1111 1231 1160 et
1241 1106 1389 1174 adjuverat
1400 1107 1429 1160 in
1441 1108 1489 1159 bac

257 1206 348 1259 bieme
359 1219 455 1273 aspera
468 1207 616 1273 perniciter
626 1206 787 1272 desudasse,
800 1212 894 1260 ventos
912 1207 1131 1273 temptationum,
1145 1218 1247 1273 prunas
1267 1205 1487 1267 tribulationum,

257 1306 416 1360 adustiones
427 1307 596 1373 voluptatum
609 1319 762 1374 superasse,
776 1313 803 1360 et
814 1307 944 1374 providus
964 1311 1122 1359 sarcarum
1145 1306 1278 1359 virtutum
1295 1305 1418 1374 agmcola
1437 1305 1488 1358 iru-

257 1411 331 1459 ctum
344 1406 523 1472 multiplicem
535 1412 625 1460 terrae
638 1407 727 1460 bonae
739 1405 883 1460 differebat
895 1404 1045 1472 succidere,
1060 1391 1259 1473 plenitudinem
1283 1406 1346 1473 ejus
1363 1418 1488 1460 accumu·
1503 1424 1532 1455 -ε

258 1503 951 1572 lansinpatientia.appropinquaritigiturvespera
959 1502 1267 1571 mortis,etgaudensac
1277 1503 1488 1570 praeteritorum

259 1603 462 1670 quodammodo
484 1604 637 1672 immemor,
662 1603 691 1656 in
710 1605 848 1657 anteriora
871 1616 901 1656 se
922 1603 1088 1657 extendebat
1109 1606 1286 1669 praeparatae
1307 1601 1487 1669 pausationis,

258 1702 432 1756 denariuma
453 1702 648 1769 patrefamilias
666 1715 813 1768 reposcens
836 1707 931 1769 pactae
951 1715 984 1756 ac
1003 1701 1052 1756 diu
1073 1706 1245 1769 exspectatae
1266 1701 1416 1757 mercedis.
1432 1703 1489 1754 lton

259 1803 355 1857 fefellit
372 1816 437 1856 eum
457 1803 514 1869 spei
534 1803 656 1856 anchora
676 1802 805 1856 omnibus
826 1800 904 1855 ilrma
930 1802 1071 1870 periculis,
1092 1807 1119 1855 et
1141 1803 1243 1855 ueritas
1264 1800 1489 1868 repromissionis

259 1901 420 1956 umbraculo
434 1902 566 1968 processit
587 1902 615 1953 in
627 1901 727 1955 lucem.
740 1904 838 1955 Tactus
859 1901 932 1954 enirn
946 1899 1115 1968 digladiabili
1136 1904 1210 1954 sorte
1222 1904 1341 1953 naturae
1360 1905 1390 1953 et
1401 1900 1490 1953 sciens
1505 1897 1526 1950 ll

258 2001 405 2056 discidium
418 2000 469 2054 sibi
482 2001 605 2067 corporis
616 2001 781 2068 animaeque
793 2000 984 2067 supervenire,
997 1998 1141 2053 conlidens
1156 2000 1185 2052 in
1197 1998 1325 2066 bomino,
1342 1999 1391 2066 qui
1404 2002 1492 2066 potest

160 2106 162 2110 ’
258 2104 286 2154 et
299 2113 399 2166 corpus
411 2104 438 2152 et
450 2100 570 2152 animam
591 2097 708 2165 perdere
720 2105 749 2152 et
767 2098 883 2165 salvare,
897 2099 1042 2152 conuocari
1054 2099 1138 2166 jussit
1157 2110 1255 2152 omnes
1266 2096 1406 2151 ecclesiae
1426 2109 1492 2151 suae

259 2199 329 2254 lilios
343 2205 371 2254 et
382 2200 411 2252 in
424 2199 540 2254 ecclesia
552 2199 698 2265 meliores,
712 2204 740 2252 el
751 2204 881 2252 consueta
891 2199 988 2253 salutis
996 2199 1161 2253 documenta
1175 2198 1326 2266 replicans,
1339 2211 1430 2266 seque
1441 2198 1493 2252 illis

257 2299 464 2366 commendans,
486 2298 520 2352 ad
542 2298 671 2352 ultimum
692 2300 738 2365 ait,
752 2300 842 2352 futura
862 2299 1060 2364 praenuntians
1080 2311 1087 2351 :
1111 2297 1241 2353 Sabbata
1262 2299 1409 2366 amatura,
1431 2298 1495 2367 filii

257 2398 426 2465 carissimi,
436 2410 585 2465 mappam
593 2398 701 2451 scitote
707 2395 855 2466 futuram
861 2398 1061 2452 serenitatem
1071 2398 1162 2452 caeli.
1171 2396 1399 2452 serenissimus
1408 2398 1494 2452 enim
1508 2398 1532 2451 a

256 2496 377 2553 sabbati
387 2497 532 2550 domimus
552 2495 632 2549 milri
650 2509 737 2551 servo
755 2511 811 2549 suo
832 2497 920 2566 fideli
936 2496 1098 2551 sabbatum
1111 2496 1335 2564 requietionem
1348 2495 1448 2564 dabit,
1466 2498 1497 2550 et

253 2600 437 2667 pertaesum
455 2596 560 2650 labore
576 2609 632 2650 oea
649 2595 774 2649 dieram
794 2595 889 2661 haiim
905 2596 1035 2664 saeculi,
1059 2595 1094 2650 ire
1112 2596 1247 2663 septima
1266 2594 1340 2650 sirie
1360 2607 1496 2664 uespera

256 2697 342 2753 omni
355 2695 460 2750 labore
473 2695 605 2757 liberum
622 2695 857 2762 transportabit.
876 2697 991 2750 Terrae
1003 2695 1103 2763 ipitar
1116 2695 1216 2749 matri
1226 2695 1309 2763 qaod
1327 2708 1430 2749 suam
1450 2697 1496 2750 est

256 2795 377 2849 reddite
390 2812 399 2849 .·
411 2808 486 2848 nam
498 2795 589 2861 Deus,
602 2794 668 2848 cita
686 2807 764 2860 mea,
777 2793 906 2862 recipiet
924 2797 1006 2862 qaod
1018 2795 1190 2863 inspiravit
1206 2791 1373 2862 infaciem
1391 2807 1496 2849 mam

256 2895 454 2964 spiraculum
462 2893 554 2947 citae.
571 2893 730 2947 Vocetium
739 2892 872 2959 obsecro,
880 2892 1010 2962 fratres,
1023 2898 1144 2950 einana
1151 2907 1212 2963 pro
1222 2893 1306 2949 vobis
1318 2894 1493 2958 sollicitus,
1509 2895 1532 2946 il

256 2997 293 3049 ret
303 3007 476 3060 numquam
488 3007 509 3047 a
521 2993 672 3047 memoria
684 2995 787 3046 restra
796 2992 937 3047 discedat
950 2994 1004 3060 qai
1015 3004 1136 3061 semper
1147 2995 1178 3046 et
1193 2991 1307 3060 attere
1318 2992 1497 3048 amiseram

256 3097 304 3149 est
315 3095 475 3149 Minimus.

290 3193 346 3246 20.
366 3194 477 3247 bicebat
489 3193 557 3246 baec
569 3192 676 3258 aliaque
696 3191 805 3259 similia,
819 3197 846 3245 et
857 3192 936 3259 quasi
956 3192 989 3244 ad
1003 3193 1103 3257 pascha
1123 3195 1359 3258 superventurum
1371 3204 1404 3245 se
1423 3204 1496 3258 prae·

258 3307 366 3362 parans,
380 3294 475 3348 sordes
487 3298 514 3346 et
526 3293 649 3360 contagia
670 3293 906 3346 circumstantium
918 3299 1000 3360 atque
1020 3292 1171 3361 lugentium
1184 3304 1261 3346 sacra
1281 3303 1316 3345 ac
1328 3291 1495 3346 multimoda

256 3393 445 3448 admonitione
458 3392 576 3460 eluebat,
590 3405 665 3445 nunc
676 3392 712 3445 de
732 3392 775 3444 iris
793 3405 864 3458 quae
882 3392 1056 3459 relinquebat
1067 3391 1225 3460 castigando
1244 3392 1407 3457 retrahens,
1421 3392 1532 3446 nuncil

256 3491 290 3545 ad
303 3504 336 3545 ea
347 3490 381 3545 ad
394 3504 465 3558 quae
474 3490 686 3558 transmigrabat
698 3491 854 3558 instigando
864 3491 1018 3557 impellens.
1032 3492 1111 3544 Venit
1122 3490 1196 3558 quod
1208 3488 1387 3557 praedixerat
1396 3490 1493 3545 sabba·

256 3598 326 3658 tum,
337 3599 365 3645 et
377 3605 442 3645 ecce
455 3595 568 3657 repente
581 3591 609 3642 in
623 3590 692 3643 cella
704 3592 751 3644 ubi
764 3604 843 3658 aeger
852 3592 1030 3645 recumbebat
1040 3592 1152 3645 auditur
1162 3591 1328 3658 frequentia,
1339 3591 1493 3645 audiuntur

256 3705 347 3758 voces,
360 3705 429 3759 quas
442 3692 535 3760 lingua
556 3691 664 3744 edicere
677 3704 728 3744 nec
741 3705 791 3745 vox
813 3698 900 3758 potest
912 3704 1042 3745 resonare
1062 3691 1229 3745 mortalium.
1242 3693 1397 3745 cesserunt
1417 3691 1493 3745 lacri-

257 3805 328 3859 mae,
342 3799 438 3859 stupor
450 3799 477 3846 et
489 3794 603 3846 exstasis
616 3805 712 3846 omnes
733 3793 841 3859 invasit,
855 3794 988 3846 miraculo
1000 3800 1028 3847 et
1048 3799 1154 3847 terrore
1165 3806 1263 3847 omnes
1274 3798 1399 3848 tenuere
1411 3794 1492 3848 sileo

117 3911 127 3934 ·
141 3913 197 3979 ιφ,
258 3894 335 3949 tium.
346 3895 535 3948 Audiebantur
547 3895 669 3947 earmina
688 3895 817 3946 sexuum'
829 3893 986 3947 diversitate
998 3894 1115 3959 diversa,
1130 3907 1181 3948 nec
1192 3894 1240 3961 qul
1252 3897 1349 3947 essent
1361 3899 1491 3948 cantores
1507 3891 1532 3943 il

82 3981 233 4033 Sensum?
256 3995 429 4063 corpulentia
440 3994 586 4048 tenebrosa
599 3999 626 4048 et
638 3993 742 4062 fragilis
751 3992 844 4047 videre
853 3994 1036 4060 praevalebat.
1050 3996 1106 4048 lloc
1118 3994 1312 4061 tripudiatur
1325 3994 1491 4063 symphonia

257 4092 376 4146 lactitiae
394 4096 521 4159 exempta
542 4093 577 4145 de
598 4091 771 4158 corruptibili
792 4103 901 4144 carcere
920 4093 1007 4144 sancti
1029 4091 1167 4158 pontilicis
1186 4093 1288 4153 anima,
1311 4092 1391 4147 velut
1412 4094 1493 4147 nivet

256 4192 383 4246 columba
392 4192 406 4231 ¹·
414 4191 448 4245 ad
462 4192 566 4245 caelum
579 4191 667 4244 libera
682 4189 808 4256 evolavit,
821 4190 976 4244 videntibus
997 4192 1104 4245 cunctis
1124 4204 1241 4258 quorum
1260 4195 1334 4247 licus
1354 4194 1455 4248 oeulos
1465 4200 1495 4246 ut

255 4290 350 4345 videre
362 4297 534 4345 mererentur
546 4292 663 4358 aperuit.
677 4290 716 4343 lbi
730 4290 796 4343 ielix
808 4297 835 4343 et
843 4290 923 4343 beata
934 4290 1027 4344 anima
1037 4290 1106 4344 illud
1118 4305 1205 4346 unum
1216 4293 1291 4359 quod
1305 4295 1335 4347 in
1349 4292 1493 4362 evangelio

253 4391 441 4445 necessarium
454 4391 577 4444 salvator
588 4389 655 4442 dicit
666 4389 701 4442 ab
715 4388 812 4441 eodem
824 4388 962 4442 salvatore
981 4390 1140 4456 perenniter
1151 4395 1179 4443 et
1190 4390 1309 4445 feliciter
1321 4394 1434 4461 recipit,
1446 4402 1493 4460 per
1505 4386 1532 4439 rt

253 4491 370 4544 eundem
386 4490 434 4558 qui
448 4490 513 4543 uiuit
524 4494 552 4543 ot
563 4492 659 4558 regnat
670 4501 719 4555 per
731 4489 823 4541 omnia
836 4487 944 4541 saecula
957 4488 1142 4543 sacculorum.
1156 4491 1250 4543 brnen.
1264 4490 1445 4558 ltxpltetta

286 4641 382 4694 Num.
397 4640 447 4693 te.
461 4664 491 4679 -·
503 4643 511 4678 ¹
526 4640 559 4704 (s.
573 4640 607 4703 r.)
618 4652 642 4692 r.
656 4651 677 4690 s.
689 4638 714 4690 t.
728 4665 760 4675 -
772 4640 783 4674 ²
795 4635 940 4690 nobiseum
953 4639 978 4690 2.

287 4724 382 4779 Num.
397 4721 453 4779 20.
464 4750 497 4762 -
509 4725 519 4762 ¹
531 4721 567 4788 (r.
579 4735 609 4778 n.
621 4721 657 4787 c.)
668 4719 752 4774 veluti
764 4733 788 4774 e.
802 4733 831 4773 u.
844 4720 870 4775 t.
881 4748 914 4760 -
924 4725 937 4762 2
946 4731 1005 4776 om.
1021 4722 1048 4775 2.
