3082 5498
254 363 347 412 amu.
366 363 449 413 nar.
468 362 648 412 rents-
664 360 819 410 urrann.
839 359 886 407 an
902 358 980 407 con.
1003 355 1093 407 rrrte.
1231 340 1276 404 35

82 535 164 582 oeontra
177 532 312 598 rescripsit
326 549 333 584 :
346 533 527 585 decertator
537 532 620 598 hone,
633 531 739 598 accipe
755 529 798 582 ad
815 528 919 582 vicem.
934 528 981 581 Ad
1002 529 1103 581 locum
1120 537 1180 591 quo
1200 537 1276 577 earu·

81 627 168 681 htdus
178 642 218 696 es,
231 643 302 683 cum
314 631 422 683 anima
433 643 496 683 non
503 631 678 698 pervenies.
694 632 748 683 lloc
761 630 795 682 de
808 626 930 681 secundo
942 627 1023 680 exilio
1036 625 1122 678 sancti
1142 624 1274 677 lobannis

79 728 219 793 prophetavit
229 734 341 782 sanctus
352 731 529 797 Epiphanius,
543 732 663 794 Quorum
677 731 727 782 hae
740 728 863 796 singulae
883 727 1042 792 prophetiae
1054 727 1083 777 in
1095 723 1210 792 singulis
1223 722 1278 775 illis

79 827 218 891 tenporihus
230 828 287 881 suis
300 829 452 894 completae
463 834 536 881 sunt.
551 830 604 880 llec
620 829 667 880 iile
682 829 738 893 jam
756 829 857 893 Cypros
874 826 960 893 attigit
977 825 1006 878 in
1022 837 1105 878 carne
1124 824 1211 889 vivus,
1225 822 1275 875 scd

46 921 64 972 5
79 925 217 992 euinctus3
231 939 283 980 nec
295 927 346 980 iste
357 929 505 980 minanam
521 928 643 993 persenit
656 927 803 990 animatus,
817 925 864 978 sed
876 925 1018 978 exanimis.

103 1021 394 1092 commendemus
414 1027 560 1080 recitantes
581 1037 700 1092 eaquae
718 1024 799 1090 paulo
812 1028 874 1076 ante
887 1021 978 1076 dicere
996 1035 1183 1088 coeperamus.
1196 1021 1280 1090 igitur

78 1117 182 1178 dinae
195 1131 261 1178 sunt
273 1124 382 1179 litterae
392 1125 477 1179 falsae
488 1138 520 1178 ac
533 1125 676 1192 tyrannide
688 1125 796 1191 plenae,
810 1136 825 1176 a
838 1121 989 1190 rneophtto
1007 1123 1107 1175 missae
1119 1122 1153 1176 ad
1166 1122 1279 1175 sanctis·

75 1215 151 1276 dnum
167 1225 258 1277 virum
278 1226 442 1278 iohannem.
457 1227 503 1278 llis
524 1225 610 1290 lectis,
623 1225 764 1290 suspirans
786 1237 819 1277 ex
840 1223 932 1277 animo
953 1221 1016 1289 pius
1029 1227 1135 1276 assuete
1156 1221 1272 1275 dilector

12 1310 15 1319 '
75 1315 167 1375 fatmm
187 1336 221 1377 ae
241 1323 370 1391 princeps
390 1325 475 1391 pacis,
496 1325 616 1377 evocatis
638 1323 672 1377 ad
692 1336 723 1377 se
742 1322 892 1389 monachis,
912 1322 950 1376 alt
963 1337 969 1374 :
983 1322 1053 1390 Epo,
1075 1320 1205 1388 fratres,
1219 1332 1281 1388 pro

37 1408 59 1463 ll
64 1427 135 1481 pare
143 1423 287 1489 caritate,
300 1436 363 1490 qua
374 1436 425 1477 vos
437 1436 644 1490 susceperam,
658 1436 678 1476 a
686 1436 774 1490 papa
794 1423 903 1476 odium
914 1421 1025 1488 recepi.
1040 1421 1086 1475 En
1099 1419 1231 1487 fremuit
1242 1421 1279 1472 ut

65 1513 103 1570 leo
121 1525 228 1575 contra
248 1535 301 1575 ves
321 1526 351 1576 et
372 1524 525 1576 irascitur
545 1522 802 1583 metonomiam
822 1525 928 1576 autem
940 1521 979 1575 de
989 1521 1052 1589 fide
1072 1520 1281 1586 casinenssi,

12 1682 14 1697 Ι
56 1621 172 1683 parcite
183 1620 264 1674 milti
280 1622 318 1674 de
337 1623 564 1689 compensando
584 1622 750 1676 coorccum.
763 1622 940 1689 Pacificare
958 1635 1009 1675 vos
1026 1632 1159 1688 nequem·
1172 1619 1207 1672 in
1225 1619 1280 1672 tite

55 1718 127 1772 nolo
144 1722 243 1772 vester
262 1720 337 1787 fieri
350 1721 524 1787 particeps.
541 1721 603 1778 Quo
625 1720 720 1774 vultis
743 1720 793 1787 ite,
806 1721 887 1786 quod
903 1720 986 1774 vohis
998 1719 1161 1786 placuerit
1172 1717 1279 1786 facite.

49 1815 97 1869 td
110 1817 171 1871 haec
182 1819 221 1870 illi
234 1819 453 1872 verecundantes
465 1826 493 1872 et
504 1821 683 1888 coangustati,
694 1819 825 1873 adeuntes
837 1819 1082 1886 interpellaverunt
1090 1820 1282 1885 imperatorem

14 1907 152 1968 licentra
161 1917 353 1982 Theophilum.
366 1919 526 1985 imperator,
540 1918 679 1972 auditores
700 1917 741 1971 eis
758 1922 785 1971 et
799 1918 904 1983 judices
924 1917 1003 1982 dans,
1014 1917 1092 1984 juhet
1102 1915 1283 1982 'theophilum

43 2013 202 2068 ascendere
221 2016 498 2083 constantinopolim.
513 2019 567 2071 lloc
585 2018 686 2085 agnito,
703 2017 870 2083 imperatrix,
891 2029 992 2070 vesana
1012 2028 1078 2083 prae
1099 2015 1163 2069 odio
1183 2025 1283 2082 magno

43 2123 118 2177 quo
134 2113 226 2168 oderat
244 2122 371 2168 sanctum
389 2116 554 2181 iohannem,
568 2115 697 2169 dilectum
716 2118 781 2182 lieo,
794 2116 896 2170 honum
918 2115 1022 2183 angelis
1043 2115 1150 2168 cunctis
1167 2113 1281 2180 atpium

44 2208 212 2267 hominihus
223 2213 371 2280 universis,
384 2215 464 2268 sicuti
476 2228 509 2268 ex
522 2215 598 2268 lucro
611 2214 697 2268 multo
710 2215 804 2267 hilaris
815 2221 856 2268 est
868 2213 962 2268 effecta
974 2231 981 2279 ;
996 2219 1023 2267 et
1034 2214 1145 2266 mittens
1166 2211 1282 2281 occulte,

43 2305 141 2371 juset
156 2311 320 2366 festinanter
341 2312 491 2366 ascendere
510 2313 692 2380 Theophilum
714 2327 776 2367 cum
798 2313 945 2379 aliquantis
966 2312 1102 2378 episcopis
1126 2310 1161 2364 ad
1182 2310 1283 2378 regiam

10 2407 32 2459 o
50 2408 156 2462 urheu
167 2413 352 2478 etapprohare
363 2419 480 2479 quantas
489 2417 600 2478 possent
609 2412 750 2476 falsitates,
761 2411 904 2478 indignum
914 2411 972 2465 fore
983 2409 1135 2464 sacerdotio
1144 2423 1282 2463 summum

55 2507 211 2565 mittam
224 2511 387 2564 existentem
400 2524 526 2564 asserens
537 2529 545 2576 3
558 2512 692 2564 assentire
704 2524 763 2564 sese
775 2511 815 2563 eis
827 2515 854 2563 et
871 2510 1025 2576 adjuturam
1043 2522 1091 2563 eos
1108 2522 1168 2562 esse
1185 2510 1214 2561 in
1232 2508 1284 2562 hoc

61 2605 139 2667 apud
153 2608 342 2675 imperatorem
360 2611 480 2678 jugalem
501 2624 581 2664 suum
602 2623 635 2663 ac
655 2610 829 2663 defensuram
850 2611 885 2663 ah
902 2623 934 2663 eo
951 2611 1015 2664 totis
1035 2610 1149 2675 virihus,
1162 2621 1197 2661 ne
1218 2606 1283 2660 mali

69 2703 197 2771 quippiam
208 2714 379 2774 paterentur.
393 2711 466 2773 Quae
481 2710 615 2776 promissa
629 2714 689 2775 post
700 2721 783 2775 opere
795 2709 941 2775 complevit
953 2709 982 2761 in
994 2713 1127 2775 quantum
1139 2707 1232 2761 valuit.

113 2799 191 2858 titt
207 2807 383 2875 Theophilus,
406 2808 573 2862 confortatus
593 2821 642 2875 per
663 2806 742 2871 haec,
760 2820 823 2860 cum
843 2807 963 2860 collectis
984 2819 1077 2860 secum
1097 2807 1287 2873 Aegyptiarum

27 2889 63 2947 β
80 2899 168 2955 urhium
181 2906 351 2970 praesulibus
363 2906 473 2974 triginta
487 2913 514 2960 et
527 2907 649 2972 quinque
662 2920 788 2970 numero,
802 2906 952 2959 secundum
963 2907 1037 2971 jussa
1049 2905 1100 2957 sihi
1113 2905 1236 2957 ascendit
1250 2904 1283 2956 ad

86 2991 225 3062 illiperialem
239 3006 387 3058 civitatem.
402 3009 485 3069 Quam
500 3020 561 3058 mox
576 3015 605 3058 ut
618 3007 732 3072 ingressi
747 3012 820 3069 sunt,
834 3018 948 3057 currens
960 3005 993 3056 ad
1007 3004 1208 3070 imperatricem
1230 3018 1288 3070 pes·

10 3148 12 3171 Ι
93 3094 170 3154 huam.
183 3105 280 3155 multas
293 3110 320 3156 et
332 3105 484 3157 horrendas
496 3106 626 3157 falsitates
640 3104 841 3157 condemnandi
855 3110 978 3157 sanctum
993 3105 1080 3157 virum
1093 3105 1211 3169 pessimo
1224 3117 1285 3155 curn

94 3202 330 3255 tasatuitconsitio.
345 3204 468 3255 Attamen
491 3216 674 3269 expavescens
695 3205 883 3269 praesentibus
904 3205 1008 3256 civibus
1029 3202 1131 3269 aliquid
1155 3204 1285 3268 injustum

97 3298 160 3350 lettre
170 3306 260 3350 contra
271 3300 453 3364 justissimum
465 3299 565 3361 virum,
579 3313 706 3364 egressus
719 3301 814 3351 urbem
837 3301 883 3352 ivit
900 3313 961 3351 curu
984 3301 1063 3351 sociis
1085 3299 1141 3349 suis
1152 3298 1186 3350 ad
1200 3298 1288 3351 locum

12 3443 24 3473 ·..
69 3374 197 3448 luendam
210 3397 463 3449 chalcedonensem
478 3398 629 3450 solitarium
642 3413 725 3464 prope
740 3399 892 3462 liutharium,
905 3399 952 3451 uhi
965 3399 1016 3451 suh
1030 3399 1156 3450 umbrosa
1168 3397 1288 3464 quadam

9 3526 30 3564 ,32
98 3495 247 3548 derilecti
266 3496 392 3561 iniquum
413 3503 589 3557 conventum,
613 3505 639 3549 et
661 3498 771 3550 mittens
796 3511 844 3562 per
871 3498 1011 3562 epistolam
1041 3497 1146 3549 vocavit
1166 3504 1289 3549 sanctum

9 3623 25 3655 5
96 3581 225 3646 Jthaunem.
239 3595 279 3646 td
299 3607 383 3661 quem
405 3595 477 3647 idem
495 3602 606 3648 sanctus
626 3597 667 3649 vir
688 3597 775 3649 taliter
789 3597 927 3663 rescripsit
941 3609 947 3648 :
961 3598 1045 3650 Haec
1062 3595 1136 3649 urhe
1148 3596 1291 3662 capiebat

9 3710 14 3738 ;
96 3681 262 3745 ‘emmeant
275 3690 396 3759 sapisti,
409 3707 502 3759 quem
518 3707 578 3760 per
598 3695 694 3760 tepens
708 3695 890 3759 judicantes
909 3708 1012 3748 omnes
1032 3695 1290 3762 amplectuntur-f

92 3777 236 3842 Sittacene
251 3803 281 3842 es
296 3791 465 3857 incusator,
479 3804 518 3843 rte
529 3792 636 3844 sedeas
641 3792 659 3856 j
663 3792 755 3858 tidem,
769 3795 798 3845 et
810 3793 941 3846 emilam.
957 3794 989 3846 Si
999 3796 1104 3848 nutem
1121 3794 1291 3860 utrumque

52 3878 78 3930 ³5
91 3891 168 3952 trae,
181 3889 212 3939 id
223 3893 270 3941 est
281 3893 310 3941 et
324 3890 530 3943 cortdemnore
542 3893 571 3942 et
576 3891 725 3955 judicare
737 3903 793 3958 me,
808 3893 841 3944 tu
853 3892 908 3959 vis,
922 3905 1066 3959 eopnosce
1075 3898 1185 3949 contra
1198 3896 1292 3963 tepent

8 3994 14 4049 t
88 3975 235 4041 decrescet
246 4002 286 4041 ne
297 3994 454 4056 eoespeetes
467 3991 568 4042 meod
582 3990 738 4043 tevenire.

8 4054 16 4223 Ῑ
108 4082 264 4140 ³0.llidens
286 4101 350 4141 vero
370 4089 535 4154 Theophilus
556 4090 694 4155 egregium
715 4090 803 4142 virum
823 4093 975 4143 iohannem
994 4092 1028 4144 ad
1050 4106 1079 4145 se
1092 4093 1165 4146 nolle
1187 4095 1292 4160 venire,

77 4186 196 4248 pessimos
216 4202 249 4240 ac
268 4188 443 4240 stultissimos
464 4188 580 4253 libellos,
593 4190 675 4241 uariis
695 4187 854 4242 haeresibus
867 4195 893 4243 ct
911 4192 1084 4244 irrisionibus
1102 4193 1206 4260 plenos,
1221 4206 1292 4246 com·

72 4288 155 4350 posuit
167 4286 297 4340 adversus
308 4300 381 4353 eum,
395 4287 442 4353 qui
455 4288 482 4338 in
495 4287 571 4339 nullo
589 4301 721 4354 uinquam
741 4290 858 4343 deviavit
876 4290 911 4343 ah
931 4290 1080 4344 orthodoxa
1099 4291 1153 4345 fide
1173 4306 1264 4361 neque
1277 4307 1292 4347 a

30 4384 139 4439 ltrecto
159 4388 268 4439 tramite
290 4388 424 4439 honarum
445 4388 582 4439 actionum
594 4403 602 4452 ;
615 4387 727 4454 deinde,
741 4393 770 4440 ut
791 4391 952 4442 exhorreret
971 4402 1004 4443 ac
1025 4398 1136 4444 noceret
1156 4392 1247 4445 clerus
1267 4397 1295 4446 et

59 4487 183 4553 populus
195 4485 272 4537 illum
285 4498 368 4552 quem
381 4486 470 4537 cuncti
484 4486 602 4537 scientes
614 4486 764 4553 diligebant
776 4487 850 4552 satis,
863 4487 987 4552 praebuit
1000 4487 1128 4541 fidelihus
1140 4491 1197 4542 suis
1208 4492 1294 4543 Theo·

55 4587 154 4656 philus
166 4586 279 4639 cosdem
292 4586 409 4650 tihellos,
423 4585 569 4640 hlandiens
583 4585 761 4638 disseminare
774 4586 910 4653 descripta
923 4587 951 4639 in
964 4587 1006 4639 his
1020 4588 1137 4642 nefanda
1154 4590 1237 4642 verha
1246 4603 1296 4656 per
