3076 5498
137 283 204 349 298
479 299 605 351 carru.
625 301 727 352 ooon.
747 303 923 355 naoroort.
942 304 1024 356 aar.

95 491 99 499 ¹
137 469 249 536 taciens,
265 470 337 536 quod
359 469 462 524 dudum
484 477 595 524 voverat
614 472 781 538 adimplevit.
795 476 826 526 Et
846 488 909 527 oum
922 474 992 527 nihil
1012 470 1324 541 proliceretexspcctnto.
1398 480 1405 512 Ξ

72 609 80 624 .
136 569 185 622 sed
198 571 272 622 omni
286 584 334 635 spe
344 571 488 623 frustratus
498 571 598 624 ibidem
609 572 722 624 luminis
735 575 903 640 retrahendi,
913 575 1048 640 oxoniam
1062 576 1202 638 remeavit,
1216 578 1242 628 et
1251 571 1328 625 ibuerit

76 674 95 754 J
141 666 210 720 duce
222 670 371 735 quaesito,
385 670 505 722 Cicestre
515 682 605 737 usque
625 673 759 736 pervenit.
772 673 892 736 Quadam
911 674 956 727 die
976 674 1084 726 sabbati
1097 680 1125 727 et
1137 678 1216 726 nocte
1233 670 1328 724 domine
1400 679 1404 683 ’

26 772 31 782 ·
81 807 90 822 .
139 774 272 833 sequente
294 776 458 834 pernoctans
479 769 590 834 ibidem,
603 771 631 822 in
645 783 736 836 mane,
749 784 812 823 cum
831 773 978 826 missarum
992 772 1139 826 sollemnia
1152 772 1327 832 celebrarentur¹
1388 761 1394 806 ’-

139 867 224 932 ipsius
236 868 308 920 oculi
321 874 385 921 sunt
398 870 494 934 aperti,
506 870 644 922 contracta
657 877 685 922 et
696 871 787 923 diruta
799 872 918 937 quadam
930 872 983 924 tela
996 883 1069 938 quae
1082 884 1167 937 super
1179 871 1259 937 ipsius
1266 865 1349 921 omitti
1393 886 1396 890 ·

138 971 219 1037 antea
232 966 319 1020 tuerat
331 969 505 1033 superducta.
519 969 602 1035 Cuius
614 970 685 1022 telae
698 970 827 1035 tractura,
838 970 952 1037 vestigia
965 975 1059 1023 autem
1069 970 1207 1024 tracturae
1220 967 1331 1036 praedictae
1393 974 1405 1008 ἰ·-

139 1066 209 1119 telae
230 1067 294 1118 satis
315 1071 379 1120 tuno
400 1055 589 1133 praesentibus
606 1068 784 1135 apparebant.
798 1069 848 1141 Qui
866 1070 922 1135 jam
937 1082 985 1136 per
997 1074 1059 1122 octo
1072 1082 1163 1123 annos
1175 1076 1251 1121 antea
1260 1075 1332 1130 serpo
1391 1098 1402 1107 -

142 1167 236 1220 oculos
249 1167 355 1219 clausos
366 1168 492 1221 babebat.
507 1169 609 1232 Quibus
623 1170 733 1234 apertis,
747 1175 778 1222 ut
788 1169 892 1221 dictum
906 1175 957 1235 est,
971 1171 1062 1236 primo
1073 1168 1143 1222 vidit
1156 1169 1284 1236 imaginem
1293 1176 1332 1216 cru·
1396 1172 1404 1201 ‘³

143 1264 215 1318 sitiri
227 1271 255 1318 et
265 1267 370 1321 lumina
382 1267 524 1330 ecclesiae,
537 1275 563 1321 et
575 1268 738 1322 discernens
755 1270 896 1323 bominem
918 1270 953 1321 ab
966 1269 1090 1333 bomine,
1105 1272 1190 1322 ileum
1211 1264 1332 1320 adonritct
1403 1264 1405 1306 t

143 1371 266 1418 sanctum
280 1366 453 1434 bichardum,
465 1368 543 1433 cujus
556 1368 660 1420 meritis
672 1372 700 1420 et
720 1367 848 1434 precibus
860 1369 948 1421 visum
960 1372 1106 1433 acceperat
1120 1368 1173 1420 sibi
1195 1360 1332 1419 misericordi·
1342 1355 1360 1407 lt
1391 1366 1404 1378 ”

144 1469 186 1518 ter
206 1465 411 1531 repromissum,
425 1470 455 1519 ut
476 1467 601 1533 superius
613 1473 655 1520 est
675 1467 867 1533 praemissum.
881 1470 912 1521 lit
930 1467 977 1534 qui
998 1479 1133 1533 praesens
1147 1466 1198 1519 fuit
1218 1458 1331 1519 uaeodt
1392 1466 1405 1501 1

144 1564 330 1618 testimonium
343 1579 426 1632 super
438 1567 480 1618 bis
492 1567 631 1632 perbibuit
642 1567 760 1621 veritati.

177 1664 209 1717 θ.
223 1665 259 1716 In
270 1664 388 1730 capite.
402 1666 506 1718 Accidit
524 1667 552 1718 in
573 1666 693 1721 crastino
711 1666 900 1721 translationis
911 1665 1036 1734 eiusdem
1049 1666 1138 1719 sancti
1151 1662 1271 1719 liicbardi
1285 1653 1332 1726 qttt

145 1763 257 1830 quidam
277 1764 402 1831 clericus,
416 1766 528 1819 nomine
547 1767 691 1832 bobertus,
705 1765 740 1819 de
752 1766 976 1831 wistianestonn,
989 1765 1186 1819 commensalis
1202 1768 1229 1817 et
1247 1756 1332 1815 consili·

145 1861 202 1914 rius
215 1862 309 1916 domni
322 1864 450 1929 Stephani
472 1864 591 1932 episcopi
613 1865 758 1931 dicestrae‚
773 1877 856 1917 sanus
869 1869 896 1917 et
908 1864 1003 1917 hilaris
1015 1864 1164 1917 ecelesiam
1182 1864 1331 1916 (licestrensctt
1342 1842 1361 1898 ¹⁸

146 1963 284 2030 ingressus
296 1969 381 2030 est‚et
390 1965 505 2018 salutata
515 1966 595 2018 beata
602 1964 721 2034 Virgine,
730 1965 874 2019 transitum
884 1965 1005 2031 tecitper
1014 1964 1150 2018 teretrum
1160 1963 1229 2017 beati
1237 1951 1332 2015 lliciardi

146 2059 243 2114 dicens
255 2063 337 2116 corde
350 2070 377 2116 et
389 2077 436 2117 ore
449 2078 457 2116 :
470 2064 502 2117 Si
512 2066 641 2118 caoctus
653 2062 831 2119 Richardcco
843 2075 914 2116 vere
933 2067 1065 2116 sanctus
1076 2062 1128 2129 ait,
1142 2063 1275 2130 operetur
1283 2056 1334 2108 occa

146 2160 311 2215 mirabilia
323 2176 385 2230 pro
397 2176 430 2216 co
442 2163 609 2230 evidenter,
622 2166 658 2216 ut
671 2163 772 2230 apcius
783 2163 938 2216 ranetttaa
956 2160 1139 2216 bominibus
1150 2161 1212 2230 fide
1222 2147 1334 2226 appareti

147 2261 283 2314 oculato.
299 2262 388 2316 Dictus
399 2275 464 2315 vero
476 2263 595 2316 clericus
606 2263 641 2316 de
654 2263 741 2329 ipsius
752 2263 896 2315 sanctitate
908 2263 1070 2316 haesitabat.
1087 2264 1143 2315 dec
1154 2260 1236 2314 multo
1246 2259 1291 2325 post
1302 2249 1334 2302 lit

150 2373 203 2426 gua
215 2361 339 2427 ejusdem
352 2362 443 2416 clerici
455 2364 545 2429 coepit
556 2363 694 2416 decurtari
707 2370 732 2415 et
745 2362 834 2429 palato
847 2363 934 2428 ipsius
945 2360 1109 2425 adhaerere,
1123 2373 1176 2414 nec
1187 2358 1257 2426 loqui
1267 2334 1362 2421 pont!
1391 2392 1396 2425 2

151 2460 372 2515 ullumverbum.
397 2465 455 2527 lpse
475 2467 566 2514 autem
588 2463 713 2528 clericus,
726 2463 825 2515 anxius
845 2466 872 2514 et
884 2462 976 2525 tristis,
992 2461 1097 2527 rogavit
1116 2462 1201 2513 ileum
1213 2463 1238 2510 et
1252 2452 1335 2508 sarritm

152 2561 315 2615 Riobardum
329 2563 356 2614 in
369 2563 451 2615 corde
463 2573 512 2615 suo
525 2569 555 2616 ut
576 2563 698 2615 restituta
715 2562 766 2614 sibi
787 2562 880 2628 lingua
893 2566 986 2628 posset
1002 2573 1052 2613 sua
1066 2560 1185 2613 crimina
1201 2549 1308 2612 contei-
1317 2543 1336 2594 5¹

152 2663 272 2714 immissa
291 2675 360 2728 aqua
374 2662 481 2715 modica
494 2663 521 2714 in
535 2675 565 2715 os
584 2676 675 2727 suurn,
687 2662 850 2728 loquebatur
862 2661 934 2714 idem
947 2659 1065 2713 clericus
1083 2659 1225 2725 paululum
1236 2661 1261 2708 et
1270 2646 1338 2705 conio·

153 2775 200 2815 sus
212 2767 261 2815 est.
276 2765 355 2815 Facta
368 2767 461 2815 autem
478 2775 527 2814 sua
545 2762 729 2827 confessione,
744 2761 882 2827 loquelam
900 2759 1019 2826 perdidit
1038 2759 1145 2812 iterato.
1159 2761 1309 2820 currensque
1318 2739 1339 2796 ²4
1400 2731 1405 2774 3

151 2861 273 2914 tumbam
295 2863 380 2914 sancti
403 2862 539 2926 lambardi,
554 2860 655 2914 ibidem
674 2875 703 2914 se
725 2862 848 2928 projecit.
868 2861 949 2913 bolor
969 2859 1042 2912 enim
1066 2859 1128 2924 ejus
1146 2857 1235 2923 coepit
1252 2828 1369 2920 ingruere!

153 2960 339 3027 vehementer,
353 2968 380 3013 et
389 2962 524 3014 alienatus
537 2967 637 3024 mente,
647 2960 774 3013 volutans
786 2966 813 3012 et
824 2959 977 3012 vociferans
986 2956 1138 3010 indiscrete
1148 2968 1224 3009 more
1233 2939 1348 3010 bracati

155 3059 277 3112 tumbam
291 3062 376 3113 sancti
389 3060 515 3113 Richardi
534 3059 708 3127 postmodum
723 3063 815 3126 raptus
828 3059 880 3112 tuit
891 3059 920 3111 in
933 3057 1029 3124 spiritu
1042 3063 1070 3109 et
1083 3056 1189 3109 audivit
1200 3053 1275 3121 quasi
1285 3056 1352 3102 roottt

156 3160 275 3212 bominis
298 3161 480 3226 supplicantis
501 3167 527 3212 et
539 3159 739 3225 compatientis.
754 3161 814 3224 lpse
826 3164 917 3211 autern
938 3156 1066 3221 clericus,
1079 3155 1245 3221 intellegens
1258 3153 1356 3205 sanctum

155 3259 251 3313 adesse
264 3259 427 3312 llicbardnm
442 3260 491 3312 sibi
506 3260 533 3311 in
555 3259 729 3325 adiutorium,
743 3258 846 3325 rogavit
866 3255 985 3309 eundem
999 3261 1136 3318 sanctum,
1149 3253 1245 3306 dioens
1258 3268 1265 3304 z
1276 3246 1361 3305 Sooclt

156 3358 318 3424 dichorda
331 3359 448 3424 adjuva
465 3371 522 3423 me,
535 3360 627 3411 salva
638 3370 696 3422 mc,
709 3370 766 3411 ora
774 3369 835 3423 pro
847 3369 905 3409 me.
921 3354 1001 3414 Quid
1017 3352 1139 3421 saetam
1152 3354 1166 3406 t
1180 3351 1261 3411 Ouid
1272 3337 1400 3408 dicem*

156 3460 232 3526 quid
240 3458 377 3526 copitabo
389 3461 425 3511 ut
436 3457 550 3511 liberer
561 3456 600 3511 ab
612 3458 675 3510 isto
686 3456 867 3509 miserrimo
873 3454 1023 3522 peremne
1032 3453 1045 3506 t
1053 3452 1104 3505 cui
1116 3455 1230 3504 sanctus
1240 3447 1371 3503 bichardus

157 3560 225 3612 dixit
237 3575 244 3610 :
257 3559 351 3612 Dicae
363 3559 535 3610 orationem
547 3557 755 3622 dominicam
768 3559 795 3608 et
806 3554 883 3607 dixit.
896 3557 956 3621 lpse
968 3560 1059 3607 autern
1073 3558 1187 3604 sanetus
1199 3550 1316 3603 eandem
1327 3559 1375 3600 ora

157 3659 260 3713 tionem
273 3672 334 3712 oum
354 3659 415 3712 Ave
435 3658 540 3711 Maria
553 3662 579 3709 et
604 3656 698 3710 Credo
710 3658 744 3710 de
757 3656 841 3708 verbo
853 3656 887 3708 ad
908 3654 1034 3715 verbum,
1047 3657 1078 3705 ut
1089 3651 1143 3705 sibi
1156 3649 1312 3709 ridebatur.
1323 3652 1379 3700 tota·

157 3758 220 3811 liter
232 3757 362 3810 recitavit.
376 3758 408 3808 itt
421 3758 484 3823 quia
497 3761 608 3808 sanctus
619 3757 647 3808 in
660 3754 778 3808 dicendo
791 3753 955 3821 loquebatur
967 3764 1032 3805 voce
1048 3749 1179 3814 demissa,
1194 3750 1302 3818 rogavit
1317 3759 1382 3810 eum,

158 3858 254 3910 dicens
266 3872 273 3908 ε
286 3858 396 3911 Sancte
411 3855 576 3922 Richardc,
590 3855 641 3910 die
657 3855 766 3921 attius,
780 3855 857 3922 qaia
868 3865 932 3908 noca
944 3852 1018 3906 berae
1029 3849 1126 3904 audio
1136 3866 1146 3916 ,·
1158 3849 1294 3903 auditus
1310 3845 1405 3901 coimt

157 3971 294 4012 mensem
305 3970 371 4010 ccccm
388 3958 483 4022 parte
502 3956 666 4009 obturatus
686 3957 741 4007 eat.
755 3956 788 4006 Et
798 3955 867 4007 dixit
879 3955 904 4006 ci
924 3957 1056 4006 sanctus:
1077 3951 1121 4004 lic
1139 3948 1386 4003 audresmclr'ua.

158 4059 262 4126 adjecit
273 4059 354 4110 etiam
368 4073 374 4109 :
388 4056 532 4123 Recogita
545 4058 645 4108 tecum
655 4053 686 4106 cc·
696 4053 741 4106 aia
753 4053 787 4106 ica
800 4053 908 4120 aliquo
916 4053 1053 4120 peccato,
1066 4051 1096 4103 et
1114 4048 1238 4102 iterum
1250 4048 1389 4117 confiteo·

159 4158 215 4210 ria.
229 4157 304 4221 Quod
318 4160 344 4208 et
357 4156 456 4208 lactum
469 4160 520 4206 est.
535 4155 566 4205 Et
577 4153 722 4206 videbatur
734 4152 834 4204 «clerico
848 4149 922 4218 quod
935 4149 1070 4217 quaedam
1088 4160 1157 4201 aura
1177 4148 1252 4201 levis
1265 4154 1294 4202 et
1309 4145 1391 4200 dulcis

160 4256 306 4325 fragrantia
331 4253 392 4306 miri
417 4254 509 4306 odoris
532 4253 623 4305 exibat
644 4251 679 4305 de
704 4251 797 4304 tumba
821 4250 908 4304 sancti
934 4248 1070 4314 Richardi,
1091 4254 1119 4300 et
1140 4247 1195 4300 sibi
1221 4247 1391 4317 refrigerium

160 4371 288 4425 magnum
302 4356 392 4408 dabat.
406 4355 454 4418 Qui
473 4359 567 4419 aperto
588 4366 635 4405 ore
654 4351 829 4405 dulcedinem
850 4351 925 4403 illam
943 4349 1064 4414 suscepit
1074 4360 1124 4413 per
1146 4352 1259 4414 septem
1277 4349 1351 4401 vices
1367 4348 1393 4397 in

160 4457 310 4524 maioribus
330 4454 550 4522 aggressionibus
571 4465 636 4504 suae
657 4451 804 4516 passionis.
823 4451 854 4501 ut
873 4447 1011 4514 praecepit
1030 4447 1055 4500 ei
1070 4451 1187 4499 sanctus
1198 4447 1357 4501 bichardus
1370 4450 1396 4496 ut

160 4556 262 4609 diceret
274 4556 409 4621 psalmum
423 4551 615 4619 Mapniptcat.
628 4553 660 4603 nt
671 4549 741 4602 dixit
752 4555 847 4603 sancto
859 4547 976 4601 clericus
990 4562 997 4599 :
1014 4545 1095 4606 Quid
1107 4545 1256 4613 capituto
1268 4549 1282 4602 l
1294 4551 1327 4602 Et
1337 4545 1397 4599 dixit
