3082 5498
244 122 337 171 amn.
357 121 441 172 nar.
461 122 575 170 runis.
595 140 639 150 —-
656 121 810 170 arpano.
831 120 877 168 au
894 118 972 168 coo.
993 115 1084 165 istac.
1224 96 1291 162 315

66 291 253 358 perstringens
265 289 389 357 palam...
403 290 493 356 coepit
514 290 702 344 vociferari...
727 291 801 352 Quae
824 288 914 341 taliter
934 285 1097 351 vociferans,
1120 297 1176 336 non
1201 282 1289 336 solum

67 390 154 456 plebis
165 391 192 443 in
205 390 301 443 eadem
314 390 430 443 ecclesia
447 389 589 456 adstantis,
610 402 704 442 verum
727 389 807 441 etiam
830 388 1037 450 monachorum,
1048 385 1096 452 qui
1116 384 1221 450 magnis
1242 394 1291 448 pro

70 489 195 544 defuncto
208 491 371 544 insistebant
383 490 519 557 precibus,
534 490 568 542 ad
580 490 704 542 dolorem
718 490 826 541 animos
838 487 953 551 inflexit,
967 487 1004 538 ita
1016 491 1048 538 ut
1068 485 1101 537 ab
1122 484 1164 535 bis
1176 482 1292 535 desiste·

10 632 13 651 ,
70 595 130 643 rent
140 596 167 642 et
176 591 321 643 lacrimosa
332 589 451 655 suspiria
463 590 664 655 protraherent.
679 591 844 640 factumest
860 593 962 651 autem,
976 599 1038 638 cum
1051 586 1124 637 bunc
1146 596 1243 636 omnes
1254 581 1289 634 ad

10 698 23 755 ’,-
42 670 250 756 sepeliendum
267 695 345 742 extra
364 689 508 742 ecclesiam
528 688 677 751 deferrent,
692 701 741 753 pro
762 687 866 739 foribus
879 685 1002 752 eiusdem
1024 684 1156 737 ecclesiae
1176 681 1288 735 caelitus

10 782 18 843 ἱ
74 788 195 854 pristinae
206 790 349 842 restitutus
361 795 402 842 cst
415 789 496 843 ritae.
520 790 569 853 Qui
591 803 652 841 cum
675 793 744 840 nutu
765 789 859 840 divino
878 788 991 852 spiritus
1011 784 1167 852 penetravit
1189 794 1290 848 corpus

10 878 24 959 l
75 887 137 953 elus,
148 887 212 941 olim
223 894 398 953 praemortua
411 892 563 953 coeperunt
575 887 706 939 vivificari
720 887 853 940 membra.
868 890 951 951 Quem
966 897 1031 937 vero
1044 897 1105 936 cum
1123 895 1229 946 omnes,
1242 880 1289 947 qui

75 986 154 1053 ipsum
178 985 237 1040 suis
257 986 421 1040 deferebant
441 988 572 1052 humeris,
595 988 695 1048 virere,
713 993 741 1039 et
761 986 892 1039 feretrum
912 997 967 1051 quo
977 984 1086 1050 jacebat
1103 984 1158 1035 lruc
1170 982 1291 1048 illucque

76 1085 190 1140 factitari
203 1088 346 1152 sentirent,
359 1087 393 1139 ad
407 1092 507 1140 terram
520 1086 689 1152 deponentes
701 1087 844 1138 miserunt.
853 1085 925 1138 idem
938 1096 1002 1137 vero
1015 1084 1158 1136 confestim
1171 1082 1290 1135 cilicium

23 1186 65 1239 -li
77 1185 221 1238 simulcum
233 1186 328 1250 linteo,
342 1185 443 1252 quibus
463 1190 521 1238 erat
540 1186 689 1248 accinctus,
712 1198 805 1238 coram
827 1185 1021 1237 circumstante
1042 1182 1144 1248 populo
1165 1181 1290 1234 etadmi·
1380 1257 1382 1262 .

21 1340 25 1347 ,
77 1290 147 1338 rante
164 1298 229 1351 prae
247 1285 348 1352 gaudio
372 1284 496 1338 dissolvit
517 1290 545 1337 et
565 1285 706 1339 sudarium
727 1285 823 1350 quo[d]
845 1284 934 1336 fuerat
957 1296 1040 1348 super
1060 1287 1142 1347 caput
1162 1283 1221 1348 ejus
1235 1293 1250 1332 a
1263 1293 1292 1334 se

78 1386 190 1451 removit,
203 1392 230 1438 et
241 1384 356 1438 exiliens
368 1390 394 1438 et
407 1385 524 1438 laudans
536 1389 632 1452 iteum,
646 1398 744 1437 sanum
763 1391 790 1437 et
804 1384 970 1437 incolumem
992 1384 1120 1436 omnibus
1135 1369 1164 1435 se
1178 1382 1267 1435 manif
1281 1410 1291 1420 ·

33 1540 36 1549 ,
79 1485 187 1538 stavit...
200 1488 267 1538 llam
279 1497 344 1538 vero
357 1486 438 1552 liujus
451 1486 576 1538 miraculi
589 1485 661 1538 fama
673 1485 753 1550 longe
766 1484 875 1550 lateque
900 1485 1137 1550 percrebrescens‚
1150 1481 1292 1535 ediversis

80 1583 184 1638 urbibus
197 1587 230 1639 ad
244 1587 330 1652 ipsius
347 1586 434 1639 sancti
449 1586 615 1639 confessoris
631 1585 775 1638 ecclesiam
797 1584 898 1637 diversi
920 1598 981 1637 cum
1005 1582 1187 1637 luminaribus
1208 1583 1290 1636 etiam

46 1678 186 1738 liiurisere
196 1685 287 1752 populi
300 1685 493 1739 resuscitatum
506 1689 739 1738 convenerunt...

85 1883 132 1944 lie
148 1890 241 1949 scale
254 1903 371 1950 aurea
391 1889 533 1950 cuidam
556 1893 728 1951 monacho
750 1905 814 1962 per
835 1889 1008 1950 visionem
1037 1887 1236 1960 angelicam
1257 1885 1295 1946 ln

417 1989 515 2050 illius
536 1988 754 2050 monasterio
775 1989 932 2048 ostensa.

119 2178 251 2247 &Quanto
273 2186 397 2239 crebrius
409 2191 436 2239 et
448 2187 577 2240 miracula
591 2188 662 2240 beati
677 2187 797 2253 llaglorii
818 2186 1016 2239 venerabilium
1039 2185 1153 2238 fratrum
1173 2182 1294 2236 veridico

12 2302 15 2307 ·
94 2275 264 2338 uninenobis
287 2285 321 2337 ad
343 2288 502 2339 memoriam
527 2285 706 2350 reducuntur,
727 2292 803 2340 tanto
826 2291 918 2339 noster
936 2286 1054 2348 animus,
1072 2284 1293 2337 adscribendum

12 2416 17 2420 .
94 2375 148 2432 ultra
161 2383 225 2437 vires
247 2384 354 2451 aridus,
373 2384 515 2438 ardentius
534 2366 728 2440 inflammatur.
743 2387 819 2439 Unde
842 2386 885 2438 rel
906 2387 993 2438 sancti
1015 2385 1136 2452 maglorii
1158 2383 1295 2448 [fratrum]

11 2486 16 2491 '
98 2480 199 2536 luobus
208 2484 383 2549 constrictus,
396 2485 568 2537 inscientiam
581 2498 658 2538 meae
671 2486 823 2552 imperitiae
834 2488 889 2552 jam
904 2499 959 2538 non
980 2484 1069 2537 audeo
1091 2497 1234 2546 excusare,
1258 2495 1293 2536 ne

16 2585 20 2589 “
99 2570 181 2634 illorum
191 2585 304 2651 caritati,
317 2586 361 2638 cui
374 2586 465 2638 omnia
478 2585 575 2650 debeo,
585 2584 768 2650 nolleridear‚
783 2584 856 2652 quod
867 2585 946 2646 absit,
961 2584 1102 2638 oboedire.
1112 2583 1291 2636 Tolerabilius

10 2692 22 2709 '-
99 2672 153 2728 um
161 2686 197 2734 cst
214 2683 297 2737 verba
318 2684 433 2748 [minus]
446 2683 596 2749 composita
608 2689 636 2737 et
652 2685 742 2737 minus
755 2686 884 2737 trutinata
897 2697 912 2737 a
926 2698 969 2737 me
982 2685 1095 2751 proferri
1118 2696 1199 2750 quam
1224 2680 1293 2736 tanti

10 2780 16 2785 '
99 2769 136 2824 lili
143 2779 202 2835 lires
210 2787 237 2836 et
249 2783 380 2836 miracula
390 2785 496 2850 contegi
509 2784 628 2838 silentio.
637 2785 719 2853 igitur
732 2786 802 2837 inter
814 2791 905 2837 cetera
918 2785 1004 2837 sancti
1014 2784 1134 2852 liaglorii
1148 2783 1294 2850 praeconia

10 2871 18 2905 ³
99 2864 150 2928 lane
159 2893 261 2949 quoque
272 2883 405 2936 visionem
418 2883 525 2941 cuidam
540 2884 615 2936 fratri
637 2885 664 2935 in
685 2885 853 2937 monasterio
874 2884 947 2937 illius
968 2884 1141 2937 conversanti
1163 2883 1295 2935 divinitus

99 2976 206 3034 nstelsam
217 2981 391 3035 decrevimus
405 2983 601 3036 inseremlam'.
1347 2993 1355 3011 ·
1368 2990 1434 3045 cod.

45 3100 49 3105 ·
122 3073 245 3147 Pmtouam
257 3083 350 3148 itaque
363 3083 511 3136 beatissimi
522 3083 572 3136 viri
585 3084 706 3149 llaglorii
721 3084 935 3135 sacratissimum
946 3097 1045 3149 corpus
1063 3086 1133 3149 [per]
1145 3085 1249 3136 furtum
1262 3083 1292 3134 fi-
1302 3058 1488 3111 inserendum·

99 3163 161 3228 talea
172 3182 259 3247 Sargia
272 3181 363 3233 insula
375 3180 408 3233 ad
426 3183 594 3235 Britanniam
607 3185 660 3235 lieo
674 3183 782 3235 volente
795 3183 913 3234 delatum
928 3187 977 3247 est,
996 3181 1115 3248 religiosi
1136 3183 1186 3234 viri
1209 3184 1292 3235 totius

101 3265 223 3334 nss'tanniae
231 3281 266 3334 ad
276 3285 418 3334 leonense
428 3284 634 3345 monasterium,
645 3283 717 3349 quod
733 3297 781 3349 pro
792 3284 843 3336 loci
854 3284 1017 3336 amoenitate
1028 3283 1067 3335 sic
1083 3285 1224 3347 vocitatur,
1245 3296 1293 3335 ne·

49 3340 89 3408 ⁸)
97 3364 166 3431 ilicis
173 3379 229 3430 aliis
237 3379 379 3432 coenobiis
390 3379 496 3432 fluitare
506 3385 791 3448 coeperuntdumquc
802 3383 830 3434 in
838 3383 934 3435 eodem
947 3383 1006 3434 loco
1017 3383 1166 3435 monastice
1172 3383 1293 3434 viventes

27 3522 49 3547 Ι,
97 3477 270 3530 uoremilirum
279 3479 489 3532 fortissimorum
499 3487 593 3533 contra
604 3482 688 3534 hostis
698 3481 917 3534 machinamenta
928 3483 1294 3547 strenuedimicarent,unus

94 3564 191 3640 illorum,
204 3578 324 3631 woodoc
338 3580 460 3643 nomine,
476 3581 522 3645 qui
535 3581 601 3632 mira
615 3582 755 3646 patientia,
769 3581 923 3635 incredibili
943 3582 1117 3635 oboedientia
1140 3584 1295 3649 ceterisque

91 3670 212 3730 dnutibus
220 3679 278 3743 jam
290 3679 431 3741 emeritus,
444 3685 552 3732 ceteros
565 3681 649 3747 regali
662 3681 807 3748 disciplina
820 3684 926 3748 praeire
940 3683 1092 3746 videbatur,
1112 3686 1166 3736 lieo
1183 3685 1292 3750 permit·

86 3774 148 3828 terte
159 3776 280 3829 febribus
291 3756 532 3830 vehementissime
545 3781 638 3846 agitari
651 3782 749 3846 coepit.
772 3783 819 3845 Qui
842 3796 904 3833 cum
923 3783 951 3833 in
971 3788 1094 3835 extremo
1118 3796 1205 3849 agone
1223 3791 1295 3836 esset

10 3846 71 3930 Q
81 3877 241 3942 constitutus,
256 3875 375 3929 mirabili
388 3879 487 3930 exstasi
501 3893 581 3945 supra
595 3894 624 3932 se
635 3880 742 3945 ductus,
757 3895 867 3933 auream
881 3882 980 3933 scalam
994 3883 1079 3934 mirac
1091 3881 1293 3950 magnitudinis

77 3974 279 4029 inaestimabilis
291 3976 515 4042 pulchritudinis,
528 3985 559 4031 ut
572 3977 630 4045 lpse
644 3981 749 4032 rettulit
761 3986 853 4046 postea
868 3982 895 4032 in
909 3995 937 4034 se
951 3995 1085 4048 reversus,
1100 3984 1213 4048 aspexit.
1227 3986 1293 4036 Nam

74 4076 184 4129 inferior
194 4089 259 4142 pars
272 4077 346 4129 illius
360 4083 448 4130 terrae
461 4079 563 4143 innixa,
577 4080 694 4144 primum
709 4082 840 4133 ccclesiae
853 4078 1016 4134 vestibulum
1028 4083 1148 4147 tenebat,
1170 4084 1295 4150 superior

69 4189 135 4229 vero
146 4176 214 4228 caeli
228 4177 372 4228 cacumina
385 4177 494 4240 pulsare
507 4178 660 4230 videbatur.
677 4180 782 4231 Gradus
795 4195 913 4247 quoquc,
928 4195 976 4246 per
989 4196 1058 4248 quos
1071 4183 1104 4233 ab
1120 4183 1296 4235 inferioribus

66 4279 99 4332 ad
111 4277 257 4343 superiora
271 4281 331 4328 erat
343 4289 483 4342 ascensus,
498 4289 594 4330 omnes
606 4286 685 4331 erant
697 4281 784 4342 aurei,
799 4282 925 4345 pretiosis
939 4282 1074 4346 lapidibus
1087 4287 1114 4333 et
1125 4294 1294 4349 gemmarum

10 4382 47 4441 ¹lii
61 4376 274 4431 multicolorum
289 4375 466 4428 varietatibus
479 4376 640 4429 intertincti.
654 4380 703 4441 Qui
716 4393 778 4431 eum
790 4379 944 4432 diutissime
957 4380 1000 4432 vel
1012 4382 1072 4446 puri
1092 4382 1150 4433 auri
1172 4387 1295 4435 venusta·

1126 4744 1484 4992 A*
