3076 5498
443 313 535 361 amu.
554 311 637 362 nur.
657 310 773 358 rums.
793 329 838 339 -
854 308 1027 358 sueonum.
1047 309 1071 358 1.
1300 294 1366 360 537

169 483 282 536 Lectlo
293 485 347 537 VI.
360 510 393 520 -
404 484 470 534 Nam
483 482 512 533 in
534 481 609 533 exitu
622 480 708 545 ipsius
729 479 798 532 sacri
812 480 964 545 corporisa
986 479 1076 532 Sancti
1089 480 1238 534 salvatoris
1256 480 1367 533 basilica

134 588 211 637 tanta
224 587 290 636 sunt
308 582 431 644 caelitus,
443 586 475 633 ut
495 581 591 641 fertur,
614 586 723 632 ostensa
736 579 870 643 magnalia
891 579 1021 644 quatinus
1042 592 1169 645 quaeque
1190 587 1269 632 crant
1289 593 1367 633 secus

131 682 223 736 altare
236 682 404 735 dominicum
425 680 467 734 vel
479 693 562 744 supra
581 678 667 731 divini
690 679 822 744 mysterii,
837 679 948 730 exeunti
970 683 1085 743 patrono
1103 679 1275 745 supplicandi
1288 679 1365 732 blan·
1407 742 1410 747 ἡ

130 781 251 833 dissime
264 780 439 846 praebuerint
458 778 617 831 inclinando
630 779 751 830 servitia.
773 776 848 839 Quod
862 778 884 829 si
897 778 959 843 quis
980 777 1097 831 voluerit
1109 778 1282 831 solummodo
1301 779 1367 831 baec

130 887 159 935 et
179 881 235 933 alia
258 881 387 933 virtutum
408 879 539 946 prodigia,
553 893 624 946 quae
645 884 710 931 tune
730 880 808 931 abeo
829 883 893 929 sunt
913 882 997 945 gesta,
1011 877 1121 943 plenius
1143 891 1296 945 recensere,
1319 879 1369 944 qui

131 993 232 1034 eorsum
246 979 356 1030 luerunt
368 991 482 1043 capaces
502 984 611 1043 recepta
625 977 733 1042 plenius
746 977 876 1042 sospitate
888 975 1029 1029 evidenter
1041 982 1169 1041 poterunt
1182 976 1367 1042 promulgare.

130 1081 186 1131 Nos
199 1083 292 1129 autem
305 1076 333 1128 in
347 1075 399 1128 fide
411 1077 504 1141 ipsius,
516 1081 546 1128 ut
557 1082 695 1141 putamus,
710 1075 782 1141 quod
796 1075 878 1126 etiam
890 1073 983 1126 verius
995 1074 1141 1137 credimus,
1152 1075 1216 1140 quia
1229 1074 1366 1127 fastidium

133 1175 291 1244 legentibus
311 1175 454 1238 inferrent,
468 1176 490 1227 si
512 1189 559 1241 per
572 1175 678 1240 singula
700 1175 806 1240 paginis
817 1173 961 1241 diiigenter
982 1172 1116 1239 adscripta
1134 1173 1259 1238 fuissent,
1272 1173 1319 1225 sed
1338 1177 1368 1225 ut

135 1279 217 1330 etiam
232 1278 351 1330 breviter
370 1281 530 1341 exponatur,
545 1275 701 1339 omnesqui
723 1285 785 1325 eum
806 1279 936 1339 expetunt
953 1271 1077 1340 quinque
1095 1286 1230 1325 sensuum
1244 1276 1367 1340 eorporis
1427 1275 1429 1279 ’

136 1376 341 1442 privatioiiieio,
352 1375 417 1427 dum
427 1375 570 1440 invigilant
579 1373 707 1440 precibus
717 1373 818 1438 pastori
826 1373 959 1438 piissimo,
967 1373 1102 1438 extemplo
1112 1373 1234 1439 integrae
1243 1372 1367 1426 ditantur

137 1475 261 1526 sanitatis
272 1475 448 1527 commercio.
471 1474 499 1526 ld
521 1486 585 1526 vero
606 1486 693 1539 genus
714 1473 854 1525 bominum
873 1486 952 1539 quos,
971 1477 1096 1537 utsupra
1117 1472 1281 1535 rettulimus,
1296 1472 1366 1539 ignis

137 1575 266 1627 atrociter
285 1574 425 1626 cremabat
437 1574 545 1639 vaporis
566 1573 668 1637 infesti,
681 1577 785 1625 tantam
807 1586 855 1637 per
876 1571 994 1624 eundem
1018 1572 1132 1638 gratiam
1147 1572 1282 1639 refrigerii
1304 1576 1368 1624 sunt

138 1670 226 1738 adepti
235 1679 276 1736 ut,
288 1673 375 1740 sopito
385 1685 500 1738 prorsus
508 1671 647 1736 incendio,
657 1671 731 1724 nullo
744 1678 931 1724 coartarentur
944 1670 1127 1735 incommodo,
1139 1672 1254 1736 sospites
1266 1668 1364 1723 eflecti.

137 1773 341 1838 Verumtamen,
360 1780 392 1824 ut
412 1771 559 1835 credimus,
572 1772 689 1824 aliorum
702 1772 858 1837 praesentia
880 1776 973 1823 saneta
994 1776 1151 1823 sanctorum
1165 1771 1206 1821 bis
1227 1769 1367 1837 patrandis

138 1871 283 1924 virtutibus
293 1872 444 1936 opitulandi
455 1872 568 1924 contulit
576 1872 787 1934 incrementum,
798 1873 846 1938 qui
855 1870 981 1923 videlieet
990 1871 1018 1922 in
1026 1871 1140 1922 circuitu
1152 1871 1236 1922 nostri
1250 1870 1366 1935 pastoris

137 1967 230 2020 eximii
252 1970 281 2020 in
295 1968 480 2035 papilionibus
499 1970 642 2036 insigniter
662 1970 800 2035 hospitati,
813 1969 885 2022 claro
904 1969 1002 2035 iubare
1015 1970 1171 2022 renitebant
1190 1970 1319 2021 virtutum
1334 1981 1366 2020 ac

136 2070 308 2121 coruscantis
317 2069 457 2134 triumphi.
468 2072 519 2121 vos
533 2082 654 2135 quoque,
667 2071 741 2121 visus
751 2070 808 2122 acie
818 2069 968 2137 audituque
978 2075 1025 2121 aut
1041 2069 1146 2121 ratione
1157 2069 1262 2134 privati,
1276 2067 1366 2120 claudi

134 2180 280 2234 gressuum
293 2166 432 2220 debilitate
452 2169 566 2234 curvati,
579 2182 611 2222 ac
632 2168 747 2221 diversis
767 2169 983 2235 aegritudinibus
995 2169 1069 2232 fessi,
1089 2167 1260 2221 confidenter
1277 2167 1366 2219 fuistis

135 2265 228 2333 adepti
240 2268 335 2332 quanti
348 2280 462 2333 capaces
483 2268 603 2319 existunt
616 2268 714 2331 meriti,
728 2267 855 2320 videlicet
866 2268 910 2319 bic
931 2273 1007 2332 pater
1024 2267 1140 2321 eximius
1159 2280 1191 2319 ac
1208 2266 1365 2332 hujusmodi

137 2365 237 2432 sancti,
250 2364 317 2418 dum
330 2367 445 2431 pristina
457 2367 572 2419 sanitate
582 2367 624 2418 bis
637 2367 873 2432 patrocinantibus
886 2365 1024 2419 memistis
1036 2366 1126 2431 potiri.

171 2463 283 2516 Lectio
293 2466 364 2517 v11.
377 2494 409 2502 -
425 2468 568 2519 Praeterea
590 2466 737 2532 pontificali
758 2467 872 2534 collegio
885 2467 1031 2520 concilium
1046 2467 1096 2518 rite
1108 2472 1253 2532 peragente
1270 2473 1296 2517 et
1308 2478 1362 2517 ser·

136 2575 249 2615 monem
260 2563 294 2615 ad
308 2564 438 2629 populum
452 2566 562 2632 mystice
584 2566 748 2630 proferente,
762 2565 962 2618 ecclesiasticae
980 2567 1136 2617 sanctiones
1149 2571 1257 2617 nostrae
1274 2563 1365 2629 dispo·

136 2667 252 2720 nuntur.
266 2675 392 2728 quaeque
405 2661 507 2717 debant
526 2664 638 2716 adversa
653 2664 761 2717 loedere
783 2666 944 2726 solidantur,
957 2665 1123 2717 dissidentes
1142 2664 1176 2716 od
1188 2662 1363 2716 concordiam

133 2858 229 2910 civitas
240 2859 317 2923 baec,
330 2864 405 2911 tanto
417 2859 518 2912 referta
529 2867 644 2928 pastore,
654 2876 745 2914 rerum
755 2862 954 2914 abundantium
968 2863 1102 2927 ubertate,
1110 2863 1269 2915 tellusultra
1279 2874 1362 2927 uuam

134 2956 238 3009 iecerat
250 2959 346 3024 majori
358 2959 497 3012 feracitate
511 2959 657 3026 redundat,
671 2969 697 3012 et
717 2962 835 3027 populus
849 2967 964 3013 cunctus
976 2975 1025 3028 per
1044 2963 1245 3014 sanctissimum
1259 2963 1362 3013 llartia-

134 3057 187 3110 lem
199 3070 215 3109 a
229 3059 274 3125 pio
287 3060 418 3126 magistro
429 3073 479 3113 suo
490 3063 555 3114 lesu
568 3062 674 3114 Christo
695 3067 788 3128 utpote
801 3062 914 3114 caelitus
935 3063 1067 3130 visitatus,
1081 3063 1187 3115 cunctis
1199 3064 1233 3114 ab
1251 3064 1362 3115 austeri-

132 3156 238 3210 tatibus
249 3164 289 3210 est
310 3159 440 3211 immunis
455 3165 481 3213 et
502 3161 596 3213 infide
616 3163 731 3214 ulterius
751 3163 823 3214 bene
840 3163 949 3215 vivendi
972 3161 1121 3216 admodum
1142 3164 1294 3216 roboratus.
1308 3166 1362 3216 Nee

132 3255 246 3321 mirum,
259 3257 481 3323 quandoquidem
497 3272 552 3311 non
564 3264 671 3325 poterat
684 3261 727 3312 bic
736 3259 832 3313 deesse
851 3273 974 3313 summae
985 3263 1090 3327 pietatis
1099 3261 1191 3314 divina
1205 3262 1360 3326 clementia,

130 3352 179 3408 nbi
193 3361 234 3407 tot
243 3355 390 3408 manebant
398 3370 459 3409 cum
471 3365 579 3422 pastore
588 3350 726 3424 praedicto
736 3367 894 3412 sanctorum
907 3362 1093 3426 praesentium
1107 3363 1219 3428 pignora
1234 3362 1360 3426 pretiosa.

130 3456 200 3507 Cum
212 3454 295 3521 igitur
306 3468 443 3522 congruus
455 3456 594 3509 videretur
606 3456 670 3509 bnis
682 3459 740 3510 dari
753 3460 879 3523 concilio,
894 3466 1003 3527 sumpto
1020 3466 1176 3513 sanctorum
1189 3461 1360 3513 sanctissimo

130 3553 271 3617 thesauro,
285 3552 417 3605 indicibili
438 3553 570 3622 dignitate
583 3557 611 3606 in
630 3557 718 3622 jubilo
731 3563 793 3609 ante
815 3559 911 3610 Christi
932 3560 1085 3624 apostolum
1098 3560 1188 3611 cuncti
1212 3564 1361 3624 properant

130 3650 323 3716 obsecrando;
337 3651 429 3717 ibique
441 3653 507 3705 lusis
520 3655 690 3707 orationibus
704 3657 842 3708 humiliter
855 3657 1034 3722 supplicando
1045 3664 1106 3710 vota
1123 3671 1185 3709 cum
1199 3657 1360 3710 muneribus

130 3749 332 3810 persolventes,
354 3750 519 3817 condignam
539 3753 590 3804 sibi
613 3752 847 3806 honorificentiam
872 3763 1037 3821 praeparant
1065 3756 1234 3809 exhibentes.
1258 3756 1360 3807 Exinde

130 3848 239 3901 ilterna
252 3849 422 3913 supplicandi
446 3851 634 3904 vicissitudine
647 3853 747 3904 sanctis
760 3854 792 3905 ad
818 3854 935 3905 invicem
958 3854 1092 3922 salutatis,
1106 3855 1264 3920 pontificum
1279 3855 1359 3906 benc·

130 3948 252 4002 lictione
264 3949 354 4000 cuncti
368 3955 502 4015 suscepta,
516 3950 597 4002 simul
607 3952 688 4003 etiam
701 3965 716 4003 a
730 3965 779 4004 suo
792 3953 875 4017 priori
890 3960 996 4017 pastore
1009 3955 1150 4020 impetrata
1162 3954 1283 4019 lieentia,
1296 3968 1359 4005 cum

130 4047 268 4112 riumpbo
280 4048 459 4101 inenarrabili
471 4048 613 4102 rediemnt
624 4053 652 4102 in
666 4065 724 4103 sua.

151 4146 272 4200 metio
288 4148 376 4200 vm.
388 4175 421 4185 -
433 4151 470 4200 lix
483 4150 671 4215 hujuscemodi
685 4153 786 4217 quippe
805 4165 893 4218 aequa
910 4152 1058 4205 traditione
1070 4155 1188 4219 concilii,
1204 4154 1282 4206 tertio
1296 4154 1357 4206 idus

130 4246 289 4302 tovembrIs
309 4247 338 4297 in
360 4247 410 4298 bac
430 4247 547 4312 civitate,
561 4256 591 4301 ut
612 4263 693 4314 supra
714 4251 899 4316 meminimus,
921 4259 1108 4317 competenter
1129 4255 1235 4318 sanciti,
1250 4255 1278 4305 in
1296 4254 1357 4306 aliis

130 4348 208 4402 tiam
220 4345 378 4397 civitatibus
389 4358 445 4412 quo
467 4347 537 4399 lama
555 4361 611 4400 non
625 4349 711 4413 latuit,
726 4351 863 4403 statuendi
885 4353 1000 4404 concilia
1019 4366 1078 4405 mos
1100 4354 1221 4417 inolevit,
1239 4367 1356 4419 quorum

130 4444 252 4511 ervigili
266 4445 458 4508 procuratione
480 4451 565 4498 status
586 4447 720 4500 eeclesiae
741 4448 827 4501 solide
847 4451 998 4514 roboratus
1012 4451 1101 4503 adbuc
1120 4453 1224 4504 favente
1244 4453 1357 4504 Domino

130 4549 270 4602 ermanct
281 4543 468 4596 inconvulsus.
479 4545 542 4607 Quis
555 4547 628 4598 enim
642 4553 747 4599 tantum
760 4549 881 4613 bonoris,
891 4555 945 4601 tam
960 4552 1054 4603 miram
1067 4551 1256 4604 excellentiam
1269 4551 1355 4618 digni·
