3076 5498
657 236 783 300 cartu.
803 249 905 298 cono.
926 249 1099 300 atomon.
1119 249 1200 300 aar.

537 466 644 555 buu.
668 465 793 553 Godox
813 466 1003 577 signatus
1024 491 1137 556 num.
1164 464 1314 555 14653.

350 679 419 732 Olim
430 681 564 733 San-ilict.
579 681 636 733 720.

349 778 661 844 soliorumtopraeter
683 792 769 831 uuum
791 779 939 832 insiticium
959 778 987 831 in
1010 777 1118 845 capite),
1141 776 1427 844 miultifflfflbxttlt),

315 877 414 943 plenis,
428 881 553 930 exaratus
565 889 637 930 saec.
653 879 714 931 xlv.

416 976 454 1051 10
470 975 554 1054 vita
573 975 806 1053 sanctissimi
825 997 870 1052 ss
887 975 1103 1055 beatissimi
1121 925 1448 1074 Martialisapostol

466 1099 650 1200 discipuli
671 1099 827 1177 Domini
842 1099 971 1178 Nostri
989 1100 1078 1177 Jesu
1098 1098 1241 1177 Christi
1261 1097 1338 1199 (soi.
1359 1093 1448 1172 ll-it'

348 1232 490 1298 subjectae
502 1238 566 1285 suut
577 1231 709 1296 epistolae
722 1235 747 1284 s.
758 1232 886 1284 Martialis
896 1231 931 1284 ad
946 1231 1155 1297 Burdigalenses
1166 1236 1194 1284 et
1206 1231 1240 1283 ad
1253 1230 1404 1284 tolosanos.

415 1329 455 1406 2⁰
475 1328 670 1430 [Miracula
687 1329 810 1407 sancti
828 1328 1026 1430 Martialis]
1043 1328 1120 1429 (fol.
1142 1327 1319 1427 dil-llll.

347 1464 467 1526 Quorum
481 1462 613 1515 nonnulla
626 1460 739 1514 inedita.
753 1462 882 1514 Omnium
902 1467 1079 1527 conspectum
1108 1462 1198 1514 statim
1211 1461 1364 1528 subjectum
1376 1454 1448 1513 rideir

317 1562 443 1630 pendice.

640 1977 850 2087 Appendix
875 1977 925 2063 ad
955 1977 1037 2068 uod.
1073 1974 1226 2068 14653.

321 2208 499 2282 Incipiunt
519 2209 706 2283 miracula,
723 2224 817 2282 quae
831 2208 1002 2270 Dominus
1023 2212 1147 2270 noster
1167 2213 1280 2271 Jesus
1298 2208 1444 2272 chstus

615 2328 761 2386 beatum
776 2325 985 2386 Martialem
999 2328 1171 2397 operatus
1185 2328 1254 2387 est.

352 2506 388 2555 lie
408 2502 441 2553 iis
461 2506 551 2554 autem
574 2502 698 2568 pluribus
719 2515 805 2554 uuum
828 2503 1002 2554 notissimum
1025 2502 1188 2554 miraculum
1213 2501 1249 2555 de
1269 2503 1374 2570 maguis
1394 2500 1448 2552 mau

318 2601 425 2653 caritati
445 2605 551 2654 vestrae
563 2600 734 2665 suscepimus
746 2599 875 2652 omnibus
887 2600 1015 2667 gentibus
1028 2613 1077 2666 per
1089 2600 1248 2652 universum
1262 2601 1357 2653 orbem
1367 2599 1448 2652 recitat

358 2703 437 2752 huno
459 2699 594 2751 incarnati
616 2699 693 2751 verbi
715 2705 793 2751 sexto
806 2699 840 2751 de
862 2698 1008 2752 millesimo
1027 2699 1100 2766 virga
1122 2698 1225 2751 furoris
1249 2700 1356 2753 bomini
1381 2698 1441 2764 exigi

321 2798 410 2864 culpis
423 2811 506 2862 super
519 2798 623 2850 incolas
636 2798 799 2863 Aquitaniae
811 2798 929 2862 graviter
940 2797 1050 2849 exarsit.
1058 2797 1138 2866 Plaga
1157 2811 1278 2864 namque
1290 2799 1372 2868 ignea
1383 2798 1407 2850 iu
1418 2798 1433 2847 b

320 2898 482 2964 corporibus
493 2896 679 2964 grassabatur,
693 2908 747 2962 qua
760 2897 882 2949 membra
896 2896 1038 2949 hominum
1048 2903 1143 2948 exusta
1163 2897 1377 2951 intolerabiliter
1392 2909 1425 2950 cu

318 3001 372 3049 tur.
387 2998 450 3049 Erat
462 2993 537 3048 enirn
552 2995 622 3063 iguis
642 2995 671 3046 iu
684 3007 766 3047 carue
788 2995 1026 3062 subtracutaneus‚
1039 2999 1066 3046 et
1079 2999 1138 3047 ater
1149 3000 1178 3047 et
1190 2995 1322 3048 horridus
1343 3002 1412 3060 erat;

320 3095 380 3148 siue
394 3096 502 3147 damma
515 3094 607 3147 tumus
620 3098 785 3145 exaestuans
796 3093 880 3146 fetido
892 3106 993 3159 vapore
1014 3094 1192 3173 gravissimus
1209 3101 1278 3160 erat,
1292 3101 1320 3146 et
1332 3095 1411 3147 incorr

319 3198 378 3246 erat
392 3194 577 3246 membrorum
592 3192 704 3245 amissio
718 3192 938 3258 irrecuperabilis
953 3191 1108 3256 :passionis
1126 3190 1267 3244 terebatur
1284 3193 1403 3245 incendii

319 3307 453 3359 aquarum
466 3293 653 3345 infusionibus
665 3292 907 3357 exstinguendum.
922 3293 989 3355 ileu,
1002 3303 1072 3357 quos
1084 3291 1210 3356 gemitus,
1225 3304 1296 3356 quos
1313 3292 1395 3344 arden

319 3393 388 3444 dens
409 3397 517 3443 caterva
538 3390 620 3444 dabat
643 3391 795 3457 heiulatus!
819 3390 923 3455 Populi,
955 3390 1036 3442 tantis
1058 3390 1220 3442 horroribus
1238 3392 1338 3453 territi,
1360 3392 1388 3443 la

318 3490 428 3556 lugubri
448 3489 855 3551 infirmantibuscondolebant,
870 3495 944 3541 etue
958 3491 1112 3554 praesentia
1124 3488 1285 3542 morborum
1299 3491 1379 3543 incur

319 3587 402 3640 dubia
415 3588 615 3653 exspectatione
629 3587 790 3640 dubitabant
803 3593 829 3639 et
842 3586 1024 3652 trepidabant.
1038 3587 1152 3653 impleta
1169 3587 1307 3653 siquidem
1326 3589 1370 3641 rid

319 3689 411 3754 phetia
423 3700 477 3754 qua
490 3687 590 3740 dicitur
604 3703 610 3738 :
624 3682 725 3740 Pome's
746 3700 797 3739 eos
816 3689 852 3739 ut
870 3687 1032 3740 clibanum
1051 3687 1135 3753 ignis
1148 3687 1181 3738 in
1199 3687 1367 3756 tempores

318 3786 467 3840 Dominus
488 3785 523 3837 irc
545 3786 596 3837 iro
616 3799 677 3837 sua
697 3784 894 3838 conturbabit
913 3799 973 3852 eos,
986 3788 1015 3838 et
1027 3784 1187 3838 devorabit
1203 3797 1255 3837 eos
1274 3786 1358 3852 ignis

318 3885 456 3938 mortifera
470 3891 525 3937 tota
540 3883 742 3950 periclitabatur
755 3885 840 3949 patria
854 3901 860 3936 :
875 3886 977 3951 ubique
999 3885 1088 3937 luctus
1108 3884 1244 3950 omnium,
1258 3886 1350 3952 ubiqu

321 3983 441 4036 lamenta
464 3984 639 4035 miserorum.
666 3982 787 4034 Tandem
813 3995 877 4036 vero
904 3983 1053 4035 miseraute
1077 3982 1203 4045 homino,
1227 3995 1341 4036 cominu

317 4095 464 4136 commune
487 4081 576 4148 coegit
597 4082 692 4147 quaeri
717 4082 881 4134 remedium.
903 4080 984 4134 llissa
1013 4080 1107 4147 itaque
1132 4079 1269 4149 legatione
1294 4097 1336 4150 per

319 4187 420 4235 statuta
442 4181 604 4234 convenitur
623 4181 657 4232 ad
679 4180 776 4232 urbem
797 4181 1096 4234 Lemovicumhdsunt
1116 4182 1237 4247 episcopi
1257 4183 1292 4235 de
1311 4199 1326 4234 r

318 4280 441 4343 comites,
455 4280 600 4345 optimates
620 4292 731 4344 quoquc
750 4285 777 4331 et
799 4281 945 4346 principes,
957 4293 988 4332 ac
1009 4280 1042 4332 de
1064 4281 1176 4332 remotis
1197 4279 1266 4333 locis
1287 4282 1321 4333 ad

317 4380 449 4432 Certatim
462 4379 555 4445 populi
569 4377 712 4430 confluunt
724 4379 931 4444 aquitanorum,
945 4379 1163 4444 bituricensium,
1179 4379 1314 4433 borbone⁴

316 4491 386 4543 rum,
401 4477 610 4540 lluteuensium,
619 4478 837 4543 caturcensium,
847 4477 1120 4544 petragoricensium,
1132 4476 1307 4544 hugolismer

315 4575 397 4641 stum,
410 4576 624 4640 turonensium,
637 4576 789 4628 Vasconum
810 4576 936 4628 similiter
955 4582 983 4628 et
1003 4577 1163 4630 Gothorum.
1176 4576 1253 4630 situs
1270 4591 1299 4630 ca
