3076 5498
147 115 215 180 244
488 130 614 179 caran.
634 129 735 178 cono.
756 128 930 178 nnotoon.
952 126 1033 175 nnn.

150 313 274 363 munere,
287 305 316 352 et
326 300 397 352 sicut
407 299 476 352 alter
487 299 606 361 Samuel,
619 299 660 352 sic
677 312 745 365 pure
757 303 785 350 et
796 267 978 350 sine'avaritia
999 293 1130 360 populum
1151 290 1251 344 bomini
1264 286 1336 354 judia-

149 399 197 463 vit,
211 400 276 467 quia
288 399 420 466 pecunias
441 405 468 451 et
479 412 568 466 usque
581 399 614 451 ad
628 399 813 451 calceamenta
833 397 868 450 ab
880 395 955 450 omni
976 407 1059 448 carne
1071 405 1129 446 non
1151 390 1259 456 accepit,
1268 393 1290 440 et
1301 395 1338 436 nott

150 499 288 551 accusavit
305 497 383 550 illum
397 499 489 551 lromo.
503 497 698 564 Egrediebatur
710 496 858 562 aliquando
870 496 912 547 vir
923 497 1034 546 sanctus
1043 493 1072 544 in
1085 503 1213 557 campum
1224 483 1340 540 relutaltct
1403 472 1414 489 ⁴

149 596 284 663 Ezechiel,
297 597 436 650 etiterum
450 595 663 661 ingrediebatur.
678 602 704 649 et
716 594 908 648 includebatur
925 593 954 645 in
966 591 1058 645 medio
1069 590 1172 643 domus
1183 599 1246 641 suae
1256 591 1287 648 ct,
1296 582 1344 635 sicul

148 695 243 757 Jacob,
256 695 320 748 biae
332 699 359 747 et
372 695 472 748 llacbel
484 707 606 763 congrua
618 676 806 747 vicissitudine
827 692 999 759 permutabat
1018 689 1173 756 amplexus.
1186 669 1367 755 Egrediebaturl
1411 684 1414 690 '

150 794 287 863 siquidem
307 795 337 846 in
357 807 485 861 campum
505 794 687 847 exterioribus
707 794 793 846 active
816 792 963 845 intendens
987 788 1129 856 operibus,
1147 793 1177 840 et
1195 797 1255 838 curn
1276 779 1348 835 mma

152 898 211 947 erat
230 891 363 945 sollicitus
383 892 456 944 circa
468 891 595 959 plurima,
609 890 758 958 aliquando
771 891 856 943 verbo
868 887 1080 955 praedicationis
1092 885 1234 943 insistens,
1246 881 1295 934 sire
1309 888 1351 930 ooo

152 990 318 1046 sessionibus
337 990 485 1044 audiendis
505 995 532 1044 et
560 990 736 1058 injungendis
759 989 943 1056 poenitentiis.
964 984 1114 1053 aliquando
1133 985 1199 1051 jura
1221 981 1352 1036 decenos

151 1090 255 1144 iaciens
271 1088 408 1157 judicium
430 1094 512 1156 atque
530 1089 673 1156 justitiam,
695 1088 843 1155 aliquando
864 1085 1062 1140 distribuendis
1084 1082 1250 1148 elemosynis
1272 1074 1355 1132 etatis

153 1189 358 1244 misericordiae
376 1189 505 1256 operibus
531 1189 702 1242 intendebat.
725 1188 932 1256 ingrediebatur
954 1197 1065 1252 quoque
1089 1188 1118 1236 et
1139 1180 1317 1235 includebatur
1335 1162 1393 1225 itt!

154 1289 245 1343 medio
257 1288 356 1342 domus
367 1301 442 1353 suae,
457 1288 578 1354 seipsum
592 1293 684 1341 mente
696 1293 865 1354 pertractans
883 1292 911 1340 et
926 1285 1065 1353 propriam
1084 1282 1232 1336 diudieans
1248 1276 1357 1333 conscia·

154 1389 220 1441 tiam
231 1404 240 1452 ;
253 1387 383 1440 insistens
395 1400 507 1455 quoque
519 1387 698 1450 orationibus,
711 1401 772 1440 curn
785 1386 868 1440 llaria
878 1385 1007 1438 insacris
1017 1382 1244 1437 meditationibus
1253 1379 1359 1432 maesti

155 1500 207 1553 per
217 1486 478 1554 contemplationem
490 1501 642 1553 suspensus
654 1486 688 1540 ad
701 1486 839 1551 caelestia,
852 1484 977 1538 llacbelis
994 1483 1102 1536 deliciis
1113 1481 1253 1535 adluebat.

190 1587 236 1638 tt.
249 1586 374 1655 Elegerat
385 1599 496 1654 quoque
517 1586 607 1640 locum
619 1593 674 1640 tam
687 1591 824 1640 sacratum
843 1599 925 1652 quam
945 1590 1084 1638 secretum
1104 1583 1216 1636 divinae
1226 1573 1360 1640 eontmpb

156 1684 225 1736 tioni
238 1684 370 1749 optimum
382 1691 411 1737 et
430 1697 593 1752 congruum,
607 1685 635 1736 in
656 1697 711 1751 quo
723 1685 914 1737 sanctissimus
926 1690 1004 1749 pater
1027 1683 1128 1735 beatus
1145 1678 1294 1747 toenglnm
1307 1671 1361 1740 ptitt

158 1781 342 1847 habitaverat3
355 1783 402 1836 ubi
416 1782 468 1836 soli
481 1786 536 1836 beo
548 1796 649 1836 vacans
660 1783 847 1836 delectabatur
858 1784 886 1834 in
900 1783 1015 1835 Domino
1034 1786 1061 1835 ct
1075 1780 1180 1834 clausis
1197 1776 1281 1832 oculis
1295 1772 1361 1827 odat

158 1893 230 1946 quae
242 1880 338 1934 mundi
350 1887 415 1934 sunt
428 1882 654 1947 obdormitiones,
668 1883 769 1949 apertis
782 1883 816 1935 ad
829 1884 913 1934 boum
926 1881 1023 1947 oculis,
1036 1885 1096 1933 toto
1108 1878 1195 1933 corde
1204 1876 1238 1931 ad
1247 1873 1361 1929 bomlttt¹

157 1978 296 2046 vigilabat.
310 1980 349 2031 lbi
364 1992 462 2045 panem
484 1981 561 2033 illum
583 1981 732 2047 degustans
743 1982 791 2048 qui
807 1980 889 2033 babet
899 1993 982 2034 omne
994 1978 1230 2058 delectamentum
1243 1979 1270 2028 et
1280 1977 1361 2026 omnam

159 2089 285 2144 saporem
298 2079 449 2143 suavitatis,
462 2080 553 2132 carnis
571 2093 627 2133 non
639 2080 753 2133 curabat
772 2080 913 2145 alimenta,
926 2079 976 2132 sed
994 2077 1148 2145 spiritualis
1160 2077 1282 2129 satietate
1298 2067 1363 2121 dul&
1400 2102 1403 2109 ·

160 2174 234 2228 dinis
247 2176 334 2242 ipsius
345 2175 487 2230 debriatus
499 2179 607 2231 animus
618 2180 694 2231 carni
707 2178 834 2232 subicere
852 2179 998 2244 reputabat
1009 2179 1034 2229 si
1055 2182 1100 2230 ter
1112 2178 1142 2229 in
1155 2169 1317 2229 bebdomada
1325 2174 1365 2217 cot·

161 2274 248 2341 porali
262 2273 459 2329 relocillaretur
471 2277 542 2344 cibo,
556 2277 603 2330 illo
616 2283 709 2331 tamen
721 2279 796 2331 tenui
809 2284 836 2332 et
847 2277 935 2341 arido,
949 2278 996 2344 qui
1010 2289 1063 2330 noc
1076 2288 1192 2329 carnem
1213 2270 1319 2326 nutriret
1330 2270 1365 2316 tw

162 2373 305 2426 roboraret
317 2379 451 2441 naturam,
464 2375 513 2428 sed
526 2389 561 2428 ne
573 2377 688 2430 omnino
700 2376 830 2431 deiiceret
842 2376 1018 2444 aliquatenus
1031 2380 1212 2429 sustentaret.
1408 2376 1414 2405 ¹

198 2469 250 2523 12.
270 2471 387 2525 Sanctus
399 2473 492 2539 itaque
504 2474 646 2527 confessor
667 2475 774 2528 bomini
793 2480 820 2528 et
837 2475 960 2541 pontifex
984 2474 1152 2527 Laurentius
1172 2461 1368 2539 praetaxatisu't
1412 2446 1414 2451 ⁵

162 2569 266 2622 tutibus
279 2571 426 2640 insignitus
438 2584 454 2624 a
467 2574 591 2640 bomino,
613 2575 653 2627 sic
674 2575 703 2626 in
724 2575 822 2627 iisdem
843 2588 895 2640 per
912 2574 1092 2640 operationes
1111 2571 1241 2625 assiduas
1257 2582 1286 2622 sc
1303 2567 1367 2632 ipsud

163 2680 293 2721 exercere
305 2671 412 2721 curavit
423 2688 430 2735 ;
443 2671 527 2736 quiet
539 2672 669 2738 subjectis
682 2674 734 2725 sibi
749 2673 823 2726 clero
832 2679 859 2725 et
870 2673 974 2740 populo
991 2685 1022 2725 se
1031 2673 1126 2739 ipsum
1140 2670 1268 2724 exhibuit
1283 2666 1372 2719 ioman

160 2766 294 2832 justitiae,
307 2768 448 2834 religionis
461 2769 614 2835 speculum,
625 2771 795 2838 signaculum
818 2772 972 2825 sanctitatis
992 2777 1019 2824 et
1042 2773 1128 2825 totius
1147 2767 1375 2824 bonestatiscttttr

163 2863 232 2929 piar,
244 2866 335 2918 sciens
346 2868 477 2932 quoniam
489 2869 620 2921 Dominus
631 2872 783 2924 ierusalem
798 2872 923 2936 promisit
934 2871 1032 2924 dicens
1045 2887 1053 2923 ε
1066 2872 1193 2924 Ponam
1206 2869 1315 2936 portas
1324 2864 1377 2915 ludi

162 2965 199 3015 at
211 2963 489 3032 lapidessculptos.
504 2970 554 3021 Per
565 2969 719 3023 Jerusalem
731 2970 870 3036 siquidem
883 2969 1006 3024 Ecclesia
1022 2968 1199 3038 designatur,
1213 2968 1291 3034 cujus
1308 2964 1382 3030 potiit

164 3066 229 3114 sunt
241 3063 364 3129 praelati,
378 3078 495 3129 quorum
509 3068 660 3121 ministerio
673 3069 755 3122 debet
767 3070 886 3135 populus
904 3071 932 3122 in
951 3068 1105 3122 Ecclesiam
1123 3066 1267 3122 introduci
1277 3081 1286 3130 3
1298 3057 1384 3128 lapid&
1408 3114 1411 3119 ,

167 3163 259 3212 autem
272 3160 370 3226 sculpti
383 3162 423 3213 illi
435 3171 499 3216 sunt
507 3166 632 3231 praelati,
646 3168 692 3233 qui
706 3169 777 3220 inse
790 3169 856 3234 ipsis
867 3169 998 3234 sculpunt
1010 3181 1099 3234 opere
1112 3166 1189 3234 quod
1203 3140 1414 3233 praedicantia!

166 3269 304 3308 sermone.
317 3259 433 3312 sanctus
450 3262 500 3313 istc
520 3263 676 3327 speculator
687 3267 854 3319 constitutus
866 3279 881 3319 a
894 3267 1021 3331 Domino,
1035 3279 1123 3332 super
1141 3263 1260 3332 specula
1272 3273 1320 3314 sua
1331 3254 1391 3310 stell

163 3353 228 3406 totis
239 3355 375 3422 noctibus,
389 3363 416 3410 et
427 3361 538 3425 quando
550 3362 654 3414 audivit
666 3363 701 3416 de
714 3377 763 3418 ore
775 3366 885 3418 bomini
897 3366 1027 3431 terbum,
1039 3364 1223 3418 annuntiavit
1232 3360 1333 3429 populo
1342 3354 1394 3410 sub

166 3449 224 3503 dito
237 3452 299 3518 sibi,
312 3460 343 3506 ut
354 3462 524 3511 averteretur
536 3460 637 3526 impius
650 3475 665 3513 a
682 3463 727 3516 ria
736 3476 785 3516 sua
795 3476 831 3516 ne
844 3465 995 3532 moriatur,
1002 3468 1035 3517 ut
1047 3476 1106 3518 non
1119 3446 1306 3517 convertatur
1321 3460 1395 3526 iustos

166 3548 297 3613 ajustitia
309 3564 358 3604 sua
377 3553 411 3604 ad
433 3555 615 3622 iniquitatem,
627 3571 663 3611 ne
683 3567 766 3624 ponat
787 3562 921 3615 Dominus
937 3561 1143 3615 offendiculum
1155 3573 1256 3615 coram
1268 3572 1302 3613 eo
1313 3555 1398 3621 etipse

167 3645 309 3712 moriatur,
323 3653 350 3700 et
362 3663 417 3702 non
431 3655 610 3708 recordentur
621 3669 719 3710 omnes
735 3659 860 3725 justitiae
876 3660 937 3726 ejus
949 3672 1021 3726 quas
1034 3660 1110 3726 iecit,
1123 3658 1177 3712 sed
1190 3659 1221 3711 in
1233 3646 1414 3724 praecutit&

167 3743 243 3796 tione
255 3745 283 3795 in
295 3759 348 3810 oua
361 3751 562 3812 praevaricatus
574 3760 616 3806 est
629 3757 771 3810 moriatur.
792 3757 927 3810 Exultatit
940 3759 971 3810 in
989 3757 1160 3811 tortitudine
1172 3770 1276 3812 rocem
1288 3754 1403 3817 suamet

168 3842 233 3908 quia
244 3850 339 3898 contra
351 3850 480 3914 populum
493 3853 715 3909 inoboedientem
727 3865 755 3910 et
764 3858 878 3912 domum
891 3865 1106 3926 exasperantem
1116 3872 1172 3914 uec
1183 3864 1367 3914 revertentem
1376 3850 1405 3905 ab

169 3941 360 4008 ini(illitatibus
372 3950 429 4000 suis
441 3951 508 4003 vidit
518 3954 639 4020 gladium
653 3959 758 4010 bomini
772 3960 942 4024 venientem,
955 3960 1059 4012 cecinit
1068 3959 1194 4014 buccina
1203 3965 1232 4014 et
1244 3951 1408 4015 annuntiavit

168 4041 270 4104 populo
283 4046 420 4109 umquam
433 4050 588 4113 speculator
608 4053 697 4107 tidelis
720 4057 835 4110 verbum
858 4059 910 4111 boc
931 4057 1007 4124 quod
1026 4059 1166 4112 auditita
1189 4060 1409 4112 bominoconln

169 4137 244 4201 1980ss
258 4153 264 4188 ³
279 4138 433 4195 Oonsttmt
444 4160 538 4213 cuper
558 4163 611 4203 coc
633 4155 864 4219 speculatorem
885 4160 916 4210 ct
937 4156 1012 4210 aiat
1024 4174 1033 4211 :
1046 4156 1168 4211 Audite
1185 4171 1298 4213 vocem
1318 4154 1407 4211 tubae.

171 4231 209 4284 Et
220 4232 346 4288 dt'm'stis
359 4254 365 4289 :
379 4239 448 4294 Non
459 4245 633 4302 acediemur.
652 4252 724 4304 Ideo
736 4253 896 4307 adducam
917 4256 1010 4308 mala
1027 4268 1129 4322 saper
1135 4257 1305 4322 populum
1318 4256 1412 4308 abtum

171 4323 312 4390 fructum
332 4335 555 4399 cogitationum
577 4345 744 4413 etusqm'a
768 4350 862 4404 verba
884 4364 957 4405 mea
982 4364 1047 4406 aaa
1070 4353 1256 4408 audinum
1279 4358 1311 4408 et
1331 4355 1414 4420 legem
