3076 5498
146 310 191 378 28
497 324 625 376 caran.
644 325 747 376 cono.
765 326 939 377 nacroon„
959 326 1037 377 nar.

147 493 331 548 desiderans
343 492 449 548 doce-i
464 493 628 548 ceritatem
634 507 695 561 per
707 497 744 562 te,
759 496 794 547 ut
804 494 913 548 vitiem
925 494 995 561 quia
1007 494 1109 548 currit
1120 496 1163 550 ad
1175 495 1301 550 dulcem
1312 493 1377 562 fon-

149 595 218 661 tem,
231 593 349 647 satiari
366 593 584 661 coucupiscens
600 596 680 660 potu
698 595 736 646 de
756 593 898 660 illo,·aed
909 593 984 661 quia
1004 595 1043 648 de
1054 593 1155 647 uerbis
1174 594 1240 647 tuis
1251 596 1377 648 nullum

144 693 237 762 potui
257 692 382 746 verbum
403 693 528 760 rendre,
536 706 598 759 pro
618 692 731 759 quibus
752 694 886 746 multum
907 693 1000 746 istius
1021 692 1086 747 diei
1096 693 1165 746 sine
1183 693 1377 758 omnilucm,

149 793 184 845 ut
196 791 344 860 arbitror,
355 791 445 859 duaci,
457 791 558 846 abira
569 795 709 846 revertor
720 792 914 860 adpropric,
925 794 1042 846 utboni
1053 792 1111 846 siti
1120 793 1238 846 ardeus
1250 795 1280 846 et
1289 806 1377 860 quae·

148 902 221 944 rurs
228 893 339 959 potum
351 904 407 946 uec
429 891 587 946 invenicus
603 894 735 959 puttam.
748 895 819 945 llaec
836 893 952 945 audiens
964 893 1005 944 vir
1017 893 1064 945 bei
1083 893 1302 959 Chrysostomus,
1315 905 1377 946 con·

150 991 231 1044 vertit
242 989 357 1045 solidam
370 997 398 1044 et
418 992 505 1044 vivam
527 992 660 1045 labiorum
683 1005 794 1045 suorum
812 998 919 1058 petram
938 992 968 1044 in
989 991 1101 1045 fluvium
1119 991 1255 1046 bibendae
1273 1004 1377 1059 aquae;

152 1089 272 1143 clausam
294 1091 387 1144 multis
407 1096 434 1143 et
453 1104 545 1144 veram
566 1091 761 1144 allocutionem
782 1103 858 1144 suam
880 1091 945 1144 iecit
962 1091 1063 1144 claram
1084 1104 1145 1144 esse
1164 1091 1321 1144 doctrinam
1347 1090 1377 1144 ad

153 1188 372 1258 cognoscendam
392 1202 484 1243 veram
502 1189 675 1256 sapientiam,
688 1196 716 1243 et
737 1191 882 1243 seminavit
901 1203 980 1258 agros
992 1188 1234 1254 incultos3docuit
1254 1190 1377 1243 homines

74 1265 77 1271 Δ
154 1302 211 1342 non
223 1289 355 1342 litteratos
367 1294 393 1342 et
405 1289 536 1355 plantavit
553 1290 656 1356 vineas,
670 1290 720 1342 boc
734 1295 776 1342 est
797 1290 884 1342 bonas
903 1290 1034 1353 actiones,
1047 1294 1075 1342 et
1089 1290 1153 1342 iecit
1173 1289 1279 1342 inicius
1299 1290 1377 1356 pluri·

155 1399 214 1440 mos
226 1386 375 1439 nativitatis
387 1398 474 1439 novae
486 1386 615 1439 bonitatis
624 1388 652 1438 in
662 1387 786 1454 singulis,
794 1393 821 1440 et
831 1388 933 1453 adjuvit
941 1400 1076 1454 pauperes
1085 1400 1242 1455 sensu,non
1252 1388 1377 1441 iaciente

155 1487 274 1541 fructum
295 1499 453 1540 sermonum
474 1488 634 1552 sapientiae,
648 1493 675 1541 et
694 1489 784 1556 posuit
804 1488 876 1541 sicut
895 1500 959 1541 oves
974 1487 1135 1555 tranquillas
1151 1487 1268 1540 familias
1288 1487 1377 1554 populi

154 1588 207 1654 sui,
219 1587 322 1654 proprii
335 1587 451 1653 pastoris
462 1588 534 1641 benc
546 1589 688 1641 audientes
701 1597 728 1642 et
739 1595 935 1658 cognoscentes
947 1602 1052 1643 vocem.

187 1685 238 1740 10.
251 1687 298 1739 llic
310 1699 375 1754 ergo
387 1691 429 1739 ter
441 1685 614 1741 beatissimus
624 1689 764 1742 lohannes
776 1701 858 1755 supra
871 1690 1013 1742 scientiam
1028 1689 1171 1742 bominum
1180 1687 1275 1742 divina
1287 1688 1377 1743 buma-

153 1800 243 1854 naque
255 1789 368 1842 scientia
380 1788 595 1854 perfectissimus
607 1795 666 1842 erat
679 1795 779 1859 mente,
793 1791 887 1858 lingua
908 1796 936 1844 et
953 1791 1069 1845 actione.
1089 1790 1165 1854 Quod
1185 1790 1377 1856 perspicientes

151 1889 272 1942 universi
283 1887 391 1955 divites,
404 1889 535 1955 illustres,
548 1891 646 1942 summi
668 1895 749 1957 atque
770 1891 851 1943 astuti
873 1891 933 1957 viri,
946 1903 977 1944 ac
990 1902 1068 1957 pares
1080 1903 1186 1955 eorum,
1200 1889 1229 1942 in
1243 1896 1377 1956 quantum

150 1989 218 2042 ratio
230 1990 413 2055 permittebat,
427 1990 557 2044 mulieres
569 2003 680 2057 quoque
699 1990 842 2058 religiosae
862 1990 948 2052 urbis,
967 2004 1031 2043 suos
1048 1990 1209 2043 cartularios
1221 1994 1249 2042 et
1262 1990 1377 2042 notarios

151 2101 166 2141 a
179 2089 236 2142 suis
247 2089 407 2143 ministeriis
426 2095 639 2166 sequestrantes,
659 2089 795 2156 jubebant
814 2103 877 2144 curn
893 2089 1052 2143 ambulante
1064 2089 1110 2142 illo
1124 2088 1268 2142 ambulare
1281 2093 1310 2141 et
1321 2101 1377 2141 cun

152 2193 276 2242 morante
287 2189 316 2240 in
328 2189 420 2256 aliquo
441 2191 552 2255 morari,
565 2195 593 2243 et
612 2203 675 2243 cum
696 2203 802 2242 summa
823 2189 963 2257 diligentia
984 2188 1122 2242 discentes
1135 2187 1276 2255 praeclara
1296 2188 1377 2255 ipsiu

150 2289 234 2342 verba
246 2287 390 2355 studiaque
402 2287 560 2342 describere
580 2303 611 2342 ac
631 2290 751 2356 propriis
765 2289 885 2342 dominis
903 2302 996 2342 secum
1014 2288 1183 2351 crudiendis,
1202 2287 1377 2341 laetificandi:

150 2392 233 2453 atque
245 2387 274 2439 in
288 2389 386 2440 melius
398 2387 601 2441 commutandis
620 2388 737 2442 deterre.
758 2392 816 2442 lton
834 2389 909 2441 enim
927 2389 1107 2451 barbarismo,
1127 2386 1303 2448 soloecismo,
1323 2386 1377 2440 reli

150 2486 267 2552 quisque
287 2486 421 2540 similibus
443 2488 484 2540 tris
505 2488 588 2553 vitiis,
611 2489 762 2556 incongrua
784 2488 976 2554 ordinatione,
999 2486 1153 2552 mendacio,
1173 2499 1259 2538 sensu
1279 2486 1376 2552 inepto

150 2585 288 2653 superfluo
301 2587 342 2640 vel
356 2587 501 2641 deficiente
513 2593 561 2641 aut
573 2588 776 2642 inconvenienti
796 2589 1020 2654 interpretatione
1034 2586 1250 2640 obnubilabatur
1261 2598 1377 2639 commu

151 2686 195 2738 nis
206 2687 392 2754 continuaque
404 2688 505 2741 locutio
518 2691 571 2741 beo
584 2689 707 2754 inspirati
722 2691 815 2756 patris,
829 2690 876 2743 sed
898 2695 925 2741 et
941 2690 1063 2741 omnium
1077 2691 1235 2740 senatorum
1249 2688 1376 2754 excogita

151 2789 193 2838 tos
213 2784 330 2839 dictatus
349 2786 520 2840 devincebat.
543 2790 605 2840 Post
625 2788 803 2856 evangelistas
824 2801 891 2841 sane
914 2793 941 2841 et
960 2787 1098 2853 apostolos
1119 2784 1212 2838 nullus
1241 2786 1377 2840 invenito¹

151 2889 254 2937 tantam
268 2898 283 2938 a
295 2888 348 2938 beo
360 2894 491 2953 quantam
509 2887 559 2939 iste
571 2886 714 2940 doctrinae
726 2888 839 2954 gratiam
853 2888 1001 2953 accepisse.
1016 2888 1083 2940 burn
1102 2897 1166 2938 vero
1180 2890 1377 2939 reverterentur

152 2983 251 3052 singuli
266 2985 424 3038 sublimium
438 2987 503 3039 bora
524 2985 623 3039 edendi
644 2991 672 3039 et
692 2986 814 3056 bibendi,
837 2987 1010 3039 multitudine
1032 2998 1176 3038 causarum
1199 2984 1377 3037 saeculariun

150 3082 224 3136 velut
236 3085 347 3150 superbi
360 3086 443 3138 maris
453 3090 614 3152 tempestate
622 3087 779 3153 angustiati,
789 3087 967 3138 inveniebant
978 3084 1126 3150 appositam
1138 3081 1191 3135 sibi
1201 3095 1218 3135 a
1227 3083 1371 3136 cartularii

152 3184 320 3251 notariisque
333 3186 389 3237 suis
409 3187 516 3251 copiam
529 3187 619 3238 omnis
631 3187 781 3252 sapientiae
794 3193 820 3239 et
832 3186 964 3238 scientiae
976 3183 1195 3250 prudentiaeque
1208 3196 1260 3249 per
1277 3190 1377 3249 patrer:

149 3281 242 3336 divino
254 3284 351 3349 spiritu
364 3283 530 3352 affluentem,
544 3290 571 3337 et
584 3290 723 3352 umquam
736 3286 764 3338 in
783 3284 960 3351 tranquillum
979 3288 1090 3350 portum
1103 3283 1310 3350 pervenientes,
1326 3281 1377 3335 ret=

152 3382 297 3435 ciebantur
309 3396 343 3435 ex
355 3383 395 3436 eIs
406 3385 434 3435 in
448 3390 539 3436 mente
551 3386 578 3436 et
590 3385 695 3437 ratione
709 3385 826 3450 propria.
840 3385 928 3450 Super
941 3396 1012 3450 quac
1025 3383 1097 3435 bona
1109 3387 1252 3449 stupentes
1264 3386 1294 3434 et
1303 3381 1377 3434 adn!

153 3466 203 3534 rati
214 3482 299 3561 aliqui
313 3482 347 3535 de
358 3483 422 3549 illis,
436 3485 592 3550 appositum
605 3485 656 3537 sibi
669 3485 838 3550 corporalem
856 3484 1041 3536 desideratum
1059 3483 1151 3536 cibum
1164 3486 1191 3535 et
1208 3482 1377 3548 concupitas

153 3583 291 3649 potionem
312 3596 421 3636 sumere
450 3583 655 3650 quodammodo
676 3584 908 3638 obliviscebantur
932 3596 984 3636 nec
1004 3582 1208 3648 contingebant,
1233 3580 1377 3647 spiritales

153 3680 238 3746 magis
251 3693 341 3733 escam
354 3686 505 3747 potumque
524 3682 559 3734 de
580 3683 672 3735 verbis
693 3688 719 3735 et
737 3682 835 3735 studiis
855 3683 927 3735 beati
945 3681 1078 3735 lobannis
1098 3680 1241 3748 eligentes,
1255 3692 1290 3733 eo
1311 3691 1377 3746 quc

152 3778 238 3829 multa
250 3785 321 3830 esset
332 3771 476 3832 delectatio
488 3785 515 3831 et
533 3781 618 3832 virtus
639 3781 668 3832 in
688 3781 751 3832 illis.
769 3781 854 3847 liujus
866 3792 952 3846 paene
964 3779 1054 3831 cuncti
1068 3777 1204 3843 concives,
1219 3777 1321 3831 tradita
1331 3776 1377 3829 sil

153 3878 283 3931 alterutro
295 3891 328 3930 ex
343 3878 396 3931 ilde
410 3885 437 3932 et
449 3892 542 3933 amore
554 3887 648 3934 sancta
661 3883 720 3949 ejus
733 3882 865 3947 doctrina,
877 3879 1056 3945 proficiebant
1071 3879 1099 3930 in
1117 3877 1232 3931 bonum.
1244 3878 1310 3942 Quis
1323 3887 1377 3944 pos

153 3977 331 4044 evangelistas
344 3978 536 4045 apostolosque
548 3978 634 4032 edidit
646 3980 771 4045 majores,
785 3980 946 4032 sacratiores
957 3979 1000 4030 vel
1013 3977 1104 4043 plures
1121 3989 1204 4043 quam
1224 3977 1268 4029 bio
1281 3987 1377 4030 sermo

153 4089 212 4139 nes,
227 4076 420 4131 transferentes
433 4078 466 4130 ad
479 4093 559 4132 usum
572 4080 675 4133 bonum
688 4080 835 4132 nomines?
847 4079 911 4143 Quis
929 4091 985 4131 non
1003 4077 1114 4129 territus
1126 4081 1166 4128 cst
1179 4075 1240 4142 ejus
1251 4073 1377 4130 sermoni·

154 4176 205 4228 bus
217 4181 245 4228 et
262 4189 317 4229 non
330 4190 432 4243 pavens
445 4177 486 4230 iris
499 4178 647 4245 implicavit
658 4192 687 4231 se
699 4177 795 4231 divino
814 4177 951 4231 desiderio
970 4188 1129 4240 succensus,
1147 4174 1309 4242 glorificans
1321 4189 1373 4230 euro

153 4274 200 4341 qui
213 4287 263 4341 per
274 4276 364 4341 ipsum
376 4276 540 4342 loquebatur
552 4278 688 4330 Christum
702 4280 786 4330 iteum
799 4291 861 4330 curn
871 4279 949 4329 Patre
958 4281 985 4329 et
997 4276 1098 4341 Spiritu
1111 4277 1227 4328 sancto?
1239 4277 1294 4328 Per
1302 4288 1376 4342 quen

152 4379 264 4443 propter
275 4377 457 4429 irreverentes
469 4378 540 4429 risus
549 4378 680 4444 jocosque
693 4377 859 4447 humillimas
871 4376 996 4429 lacrimas
1008 4373 1197 4438 effundebant,
1211 4375 1249 4427 ob
1262 4375 1377 4431 luxurio

152 4488 196 4529 sas
207 4475 375 4529 cantationes
387 4475 523 4540 spiritales
535 4477 686 4529 cantilenas
707 4475 918 4543 componebant,
937 4475 973 4527 ob
991 4473 1151 4527 saltationes
1163 4470 1377 4543 ballationesquv

153 4575 320 4628 diutissimas
331 4575 469 4628 orationes
481 4578 509 4628 et
521 4574 615 4628 laudes
627 4573 778 4629 offerebant
789 4578 853 4638 lieo,
872 4580 983 4640 propter
1001 4572 1148 4626 elationem
1166 4574 1193 4624 et
1206 4571 1323 4626 inanem
1332 4576 1375 4641 glo
