<?xml version="1.0" encoding="UTF-8"?>
<!DOCTYPE html PUBLIC "-//W3C//DTD XHTML 1.0 Transitional//EN"
    "http://www.w3.org/TR/xhtml1/DTD/xhtml1-transitional.dtd">
<html xmlns="http://www.w3.org/1999/xhtml" xml:lang="en" lang="en">
 <head>
  <title>
</title>
<meta http-equiv="Content-Type" content="text/html;charset=utf-8" />
  <meta name='ocr-system' content='tesseract 3.04.00' />
  <meta name='ocr-capabilities' content='ocr_page ocr_carea ocr_par ocr_line ocrx_word'/>
</head>
<body>
  <div class='ocr_page' id='page_1' title='image "./cataloguscodicu00manugoog_0577.png"; bbox 0 0 3082 5498; ppageno 0'>
   <div class='ocr_carea' id='block_1_1' title="bbox 158 315 1046 383">
    <p class='ocr_par' dir='ltr' id='par_1_1' title="bbox 158 315 1046 383">
     <span class='ocr_line' id='line_1_1' title="bbox 158 315 1046 383; baseline -0.003 0"><span class='ocrx_word' id='word_1_1' title='bbox 158 315 224 383; x_wconf 79' lang='lat' dir='ltr'><strong>out</strong></span> <span class='ocrx_word' id='word_1_2' title='bbox 503 331 630 382; x_wconf 74' lang='lat' dir='ltr'><strong>caran.</strong></span> <span class='ocrx_word' id='word_1_3' title='bbox 648 332 752 382; x_wconf 89' lang='lat' dir='ltr'><strong>cono.</strong></span> <span class='ocrx_word' id='word_1_4' title='bbox 771 331 946 382; x_wconf 78' lang='lat' dir='ltr'><strong>uuoroun.</strong></span> <span class='ocrx_word' id='word_1_5' title='bbox 965 331 1046 382; x_wconf 78' lang='lat' dir='ltr'><strong>nar.</strong></span> 
     </span>
    </p>
   </div>
   <div class='ocr_carea' id='block_1_2' title="bbox 8 498 1408 4652">
    <p class='ocr_par' dir='ltr' id='par_1_2' title="bbox 158 498 1374 652">
     <span class='ocr_line' id='line_1_2' title="bbox 158 498 1374 568; baseline 0.003 -17"><span class='ocrx_word' id='word_1_6' title='bbox 158 498 194 552; x_wconf 92' lang='lat' dir='ltr'><strong>ita</strong></span> <span class='ocrx_word' id='word_1_7' title='bbox 206 506 236 552; x_wconf 90' lang='lat' dir='ltr'><strong>ut</strong></span> <span class='ocrx_word' id='word_1_8' title='bbox 248 512 313 567; x_wconf 90' lang='lat' dir='ltr'><strong>prae</strong></span> <span class='ocrx_word' id='word_1_9' title='bbox 321 499 452 553; x_wconf 85' lang='lat' dir='ltr'><strong>omnibus</strong></span> <span class='ocrx_word' id='word_1_10' title='bbox 464 500 612 554; x_wconf 80' lang='lat' dir='ltr'><strong>Galliarum</strong></span> <span class='ocrx_word' id='word_1_11' title='bbox 626 501 718 568; x_wconf 79' lang='lat' dir='ltr'><strong>lingua</strong></span> <span class='ocrx_word' id='word_1_12' title='bbox 731 501 876 567; x_wconf 82' lang='lat' dir='ltr'><strong>pollerent,</strong></span> <span class='ocrx_word' id='word_1_13' title='bbox 889 500 1016 555; x_wconf 84' lang='lat' dir='ltr'><strong>doctrina</strong></span> <span class='ocrx_word' id='word_1_14' title='bbox 1029 501 1166 565; x_wconf 81' lang='lat' dir='ltr'><strong>lucerent,</strong></span> <span class='ocrx_word' id='word_1_15' title='bbox 1177 501 1374 555; x_wconf 78' lang='lat' dir='ltr'><strong>sermonemdo</strong></span> 
     </span>
     <span class='ocr_line' id='line_1_3' title="bbox 158 599 254 652; baseline -0.01 -2"><span class='ocrx_word' id='word_1_16' title='bbox 158 599 254 652; x_wconf 89' lang='lat' dir='ltr'><strong>ierem.</strong></span> 
     </span>
    </p>

    <p class='ocr_par' dir='ltr' id='par_1_3' title="bbox 159 700 1372 867">
     <span class='ocr_line' id='line_1_4' title="bbox 188 700 1372 769; baseline 0 -17"><span class='ocrx_word' id='word_1_17' title='bbox 188 700 297 752; x_wconf 79' lang='lat' dir='ltr'><strong>Lectio</strong></span> <span class='ocrx_word' id='word_1_18' title='bbox 314 701 464 753; x_wconf 72' lang='lat' dir='ltr'><strong>secunda„</strong></span> <span class='ocrx_word' id='word_1_19' title='bbox 486 702 525 753; x_wconf 83' lang='lat' dir='ltr'><strong>Ex</strong></span> <span class='ocrx_word' id='word_1_20' title='bbox 547 713 666 767; x_wconf 92' lang='lat' dir='ltr'><strong>quorum</strong></span> <span class='ocrx_word' id='word_1_21' title='bbox 691 702 785 753; x_wconf 85' lang='lat' dir='ltr'><strong>rivulis</strong></span> <span class='ocrx_word' id='word_1_22' title='bbox 809 700 960 768; x_wconf 80' lang='lat' dir='ltr'><strong>sapientiae</strong></span> <span class='ocrx_word' id='word_1_23' title='bbox 982 706 1010 754; x_wconf 91' lang='lat' dir='ltr'><strong>et</strong></span> <span class='ocrx_word' id='word_1_24' title='bbox 1027 701 1172 769; x_wconf 78' lang='lat' dir='ltr'>scientiae,</span> <span class='ocrx_word' id='word_1_25' title='bbox 1187 702 1372 768; x_wconf 84' lang='lat' dir='ltr'><strong>praecipueque</strong></span> 
     </span>
     <span class='ocr_line' id='line_1_5' title="bbox 159 797 1371 867; baseline 0.002 -17"><span class='ocrx_word' id='word_1_26' title='bbox 159 797 231 851; x_wconf 89' lang='lat' dir='ltr'><strong>beati</strong></span> <span class='ocrx_word' id='word_1_27' title='bbox 240 799 318 863; x_wconf 82' lang='lat' dir='ltr'><strong>livill,</strong></span> <span class='ocrx_word' id='word_1_28' title='bbox 329 811 416 864; x_wconf 85' lang='lat' dir='ltr'><strong>paene</strong></span> <span class='ocrx_word' id='word_1_29' title='bbox 427 804 484 851; x_wconf 91' lang='lat' dir='ltr'><strong>tota</strong></span> <span class='ocrx_word' id='word_1_30' title='bbox 492 798 576 853; x_wconf 81' lang='lat' dir='ltr'><strong>Gallia</strong></span> <span class='ocrx_word' id='word_1_31' title='bbox 586 800 785 867; x_wconf 80' lang='lat' dir='ltr'><strong>Germaniaque</strong></span> <span class='ocrx_word' id='word_1_32' title='bbox 797 799 832 852; x_wconf 91' lang='lat' dir='ltr'><strong>ab</strong></span> <span class='ocrx_word' id='word_1_33' title='bbox 845 800 952 852; x_wconf 89' lang='lat' dir='ltr'><strong>arriana</strong></span> <span class='ocrx_word' id='word_1_34' title='bbox 966 800 1084 853; x_wconf 77' lang='lat' dir='ltr'><strong>haeresi*</strong></span> <span class='ocrx_word' id='word_1_35' title='bbox 1093 812 1231 854; x_wconf 88' lang='lat' dir='ltr'><strong>conversa</strong></span> <span class='ocrx_word' id='word_1_36' title='bbox 1237 806 1288 865; x_wconf 74' lang='lat' dir='ltr'><strong>ert,</strong></span> <span class='ocrx_word' id='word_1_37' title='bbox 1297 802 1371 864; x_wconf 83' lang='lat' dir='ltr'><strong>utpote</strong></span> 
     </span>
    </p>

    <p class='ocr_par' dir='ltr' id='par_1_4' title="bbox 114 897 1403 1648">
     <span class='ocr_line' id='line_1_6' title="bbox 114 897 1393 966; baseline 0 -16"><span class='ocrx_word' id='word_1_38' title='bbox 114 914 120 928; x_wconf 90' lang='lat'><strong>·</strong></span> <span class='ocrx_word' id='word_1_39' title='bbox 156 899 294 965; x_wconf 78' lang='lat' dir='ltr'><strong>catalogus</strong></span> <span class='ocrx_word' id='word_1_40' title='bbox 314 897 438 963; x_wconf 82' lang='lat' dir='ltr'><strong>ejusdem</strong></span> <span class='ocrx_word' id='word_1_41' title='bbox 460 898 532 950; x_wconf 91' lang='lat' dir='ltr'><strong>beati</strong></span> <span class='ocrx_word' id='word_1_42' title='bbox 553 899 625 950; x_wconf 78' lang='lat' dir='ltr'><strong>Aviti</strong></span> <span class='ocrx_word' id='word_1_43' title='bbox 646 898 680 952; x_wconf 94' lang='lat' dir='ltr'><strong>ad</strong></span> <span class='ocrx_word' id='word_1_44' title='bbox 702 898 836 966; x_wconf 79' lang='lat' dir='ltr'><strong>lastigium</strong></span> <span class='ocrx_word' id='word_1_45' title='bbox 860 900 1025 952; x_wconf 76' lang='lat' dir='ltr'><strong>sinceritatis</strong></span> <span class='ocrx_word' id='word_1_46' title='bbox 1045 906 1073 952; x_wconf 90' lang='lat' dir='ltr'><strong>ct</strong></span> <span class='ocrx_word' id='word_1_47' title='bbox 1093 899 1220 952; x_wconf 86' lang='lat' dir='ltr'><strong>veritatis</strong></span> <span class='ocrx_word' id='word_1_48' title='bbox 1238 899 1393 952; x_wconf 74' lang='lat' dir='ltr'><strong>clarissimi</strong></span> 
     </span>
     <span class='ocr_line' id='line_1_7' title="bbox 156 997 1372 1065; baseline 0.001 -15"><span class='ocrx_word' id='word_1_49' title='bbox 156 1004 293 1065; x_wconf 91' lang='lat' dir='ltr'><strong>personat.</strong></span> <span class='ocrx_word' id='word_1_50' title='bbox 309 998 392 1065; x_wconf 79' lang='lat' dir='ltr'><strong>igitur</strong></span> <span class='ocrx_word' id='word_1_51' title='bbox 409 997 476 1049; x_wconf 94' lang='lat' dir='ltr'><strong>dum</strong></span> <span class='ocrx_word' id='word_1_52' title='bbox 490 999 585 1050; x_wconf 81' lang='lat' dir='ltr'><strong>beatus</strong></span> <span class='ocrx_word' id='word_1_53' title='bbox 598 998 715 1065; x_wconf 84' lang='lat' dir='ltr'><strong>Hysitius</strong></span> <span class='ocrx_word' id='word_1_54' title='bbox 728 999 835 1052; x_wconf 90' lang='lat' dir='ltr'><strong>intenta</strong></span> <span class='ocrx_word' id='word_1_55' title='bbox 850 998 904 1052; x_wconf 90' lang='lat' dir='ltr'><strong>ilde</strong></span> <span class='ocrx_word' id='word_1_56' title='bbox 921 1005 949 1051; x_wconf 93' lang='lat' dir='ltr'><strong>et</strong></span> <span class='ocrx_word' id='word_1_57' title='bbox 966 999 1098 1052; x_wconf 83' lang='lat' dir='ltr'><strong>catholica</strong></span> <span class='ocrx_word' id='word_1_58' title='bbox 1118 999 1240 1053; x_wconf 85' lang='lat' dir='ltr'><strong>veritate</strong></span> <span class='ocrx_word' id='word_1_59' title='bbox 1255 1010 1317 1051; x_wconf 82' lang='lat' dir='ltr'><strong>suos</strong></span> <span class='ocrx_word' id='word_1_60' title='bbox 1329 998 1372 1051; x_wconf 87' lang='lat' dir='ltr'><strong>beo</strong></span> 
     </span>
     <span class='ocr_line' id='line_1_8' title="bbox 155 1094 1370 1165; baseline -0.001 -15"><span class='ocrx_word' id='word_1_61' title='bbox 155 1095 302 1150; x_wconf 90' lang='lat' dir='ltr'><strong>nutriendo</strong></span> <span class='ocrx_word' id='word_1_62' title='bbox 315 1101 436 1149; x_wconf 82' lang='lat' dir='ltr'><strong>necteret</strong></span> <span class='ocrx_word' id='word_1_63' title='bbox 449 1094 529 1161; x_wconf 80' lang='lat' dir='ltr'><strong>illios,</strong></span> <span class='ocrx_word' id='word_1_64' title='bbox 543 1096 642 1148; x_wconf 91' lang='lat' dir='ltr'><strong>accidit</strong></span> <span class='ocrx_word' id='word_1_65' title='bbox 661 1103 691 1150; x_wconf 96' lang='lat' dir='ltr'><strong>ut</strong></span> <span class='ocrx_word' id='word_1_66' title='bbox 712 1098 866 1165; x_wconf 72' lang='lat' dir='ltr'><strong>gratissima</strong></span> <span class='ocrx_word' id='word_1_67' title='bbox 884 1111 953 1152; x_wconf 82' lang='lat' dir='ltr'><strong>uxor</strong></span> <span class='ocrx_word' id='word_1_68' title='bbox 975 1098 1048 1151; x_wconf 88' lang='lat' dir='ltr'><strong>iilius</strong></span> <span class='ocrx_word' id='word_1_69' title='bbox 1068 1098 1202 1151; x_wconf 90' lang='lat' dir='ltr'><strong>obeundo</strong></span> <span class='ocrx_word' id='word_1_70' title='bbox 1214 1096 1370 1151; x_wconf 85' lang='lat' dir='ltr'><strong>transiretad</strong></span> 
     </span>
     <span class='ocr_line' id='line_1_9' title="bbox 154 1196 1371 1265; baseline 0 -16"><span class='ocrx_word' id='word_1_71' title='bbox 154 1196 300 1249; x_wconf 81' lang='lat' dir='ltr'><strong>Christum.</strong></span> <span class='ocrx_word' id='word_1_72' title='bbox 314 1198 380 1248; x_wconf 85' lang='lat' dir='ltr'><strong>Cum</strong></span> <span class='ocrx_word' id='word_1_73' title='bbox 393 1208 458 1261; x_wconf 81' lang='lat' dir='ltr'><strong>ergo</strong></span> <span class='ocrx_word' id='word_1_74' title='bbox 471 1196 617 1248; x_wconf 87' lang='lat' dir='ltr'><strong>universus</strong></span> <span class='ocrx_word' id='word_1_75' title='bbox 629 1197 720 1249; x_wconf 88' lang='lat' dir='ltr'><strong>clerus</strong></span> <span class='ocrx_word' id='word_1_76' title='bbox 734 1196 829 1249; x_wconf 90' lang='lat' dir='ltr'><strong>matris</strong></span> <span class='ocrx_word' id='word_1_77' title='bbox 841 1198 974 1250; x_wconf 84' lang='lat' dir='ltr'><strong>eeclesiae</strong></span> <span class='ocrx_word' id='word_1_78' title='bbox 987 1197 1155 1251; x_wconf 85' lang='lat' dir='ltr'><strong>Viennensis</strong></span> <span class='ocrx_word' id='word_1_79' title='bbox 1169 1198 1312 1265; x_wconf 88' lang='lat' dir='ltr'><strong>omnisque</strong></span> <span class='ocrx_word' id='word_1_80' title='bbox 1319 1208 1371 1249; x_wconf 85' lang='lat' dir='ltr'><strong>eou-</strong></span> 
     </span>
     <span class='ocr_line' id='line_1_10' title="bbox 154 1294 1372 1362; baseline 0 -15"><span class='ocrx_word' id='word_1_81' title='bbox 154 1301 251 1348; x_wconf 87' lang='lat' dir='ltr'><strong>ventus</strong></span> <span class='ocrx_word' id='word_1_82' title='bbox 263 1295 355 1362; x_wconf 88' lang='lat' dir='ltr'><strong>populi</strong></span> <span class='ocrx_word' id='word_1_83' title='bbox 370 1295 453 1347; x_wconf 86' lang='lat' dir='ltr'><strong>totius</strong></span> <span class='ocrx_word' id='word_1_84' title='bbox 465 1295 542 1347; x_wconf 90' lang='lat' dir='ltr'><strong>urbis</strong></span> <span class='ocrx_word' id='word_1_85' title='bbox 553 1294 588 1347; x_wconf 93' lang='lat' dir='ltr'><strong>ad</strong></span> <span class='ocrx_word' id='word_1_86' title='bbox 602 1301 708 1348; x_wconf 66' lang='lat' dir='ltr'><strong>mutum</strong></span> <span class='ocrx_word' id='word_1_87' title='bbox 731 1297 813 1349; x_wconf 82' lang='lat' dir='ltr'><strong>funus</strong></span> <span class='ocrx_word' id='word_1_88' title='bbox 835 1303 977 1350; x_wconf 89' lang='lat' dir='ltr'><strong>matronae</strong></span> <span class='ocrx_word' id='word_1_89' title='bbox 995 1295 1175 1350; x_wconf 83' lang='lat' dir='ltr'><strong>devotissime</strong></span> <span class='ocrx_word' id='word_1_90' title='bbox 1187 1301 1372 1351; x_wconf 81' lang='lat' dir='ltr'><strong>occurreretet</strong></span> 
     </span>
     <span class='ocr_line' id='line_1_11' title="bbox 153 1393 1403 1463; baseline -0.005 -13"><span class='ocrx_word' id='word_1_91' title='bbox 153 1409 254 1461; x_wconf 89' lang='lat' dir='ltr'><strong>corpus</strong></span> <span class='ocrx_word' id='word_1_92' title='bbox 275 1394 349 1448; x_wconf 92' lang='lat' dir='ltr'><strong>illius</strong></span> <span class='ocrx_word' id='word_1_93' title='bbox 369 1393 530 1462; x_wconf 72' lang='lat' dir='ltr'><strong>infatigabili</strong></span> <span class='ocrx_word' id='word_1_94' title='bbox 552 1396 705 1448; x_wconf 82' lang='lat' dir='ltr'><strong>reverentia</strong></span> <span class='ocrx_word' id='word_1_95' title='bbox 727 1396 894 1449; x_wconf 87' lang='lat' dir='ltr'><strong>conderetur</strong></span> <span class='ocrx_word' id='word_1_96' title='bbox 914 1403 1003 1463; x_wconf 86' lang='lat' dir='ltr'><strong>antro,</strong></span> <span class='ocrx_word' id='word_1_97' title='bbox 1028 1397 1160 1450; x_wconf 89' lang='lat' dir='ltr'><strong>continua</strong></span> <span class='ocrx_word' id='word_1_98' title='bbox 1186 1398 1328 1450; x_wconf 86' lang='lat' dir='ltr'><strong>devotione</strong></span> <span class='ocrx_word' id='word_1_99' title='bbox 1346 1406 1370 1448; x_wconf 85' lang='lat' dir='ltr'><strong>at</strong></span> <span class='ocrx_word' id='word_1_100' title='bbox 1383 1394 1403 1445; x_wconf 89' lang='lat' dir='ltr'><strong>ti</strong></span> 
     </span>
     <span class='ocr_line' id='line_1_12' title="bbox 154 1494 1370 1563; baseline -0.001 -14"><span class='ocrx_word' id='word_1_101' title='bbox 154 1496 293 1549; x_wconf 86' lang='lat' dir='ltr'><strong>voluntate</strong></span> <span class='ocrx_word' id='word_1_102' title='bbox 307 1494 382 1547; x_wconf 89' lang='lat' dir='ltr'><strong>lideli</strong></span> <span class='ocrx_word' id='word_1_103' title='bbox 398 1495 480 1548; x_wconf 87' lang='lat' dir='ltr'><strong>totius</strong></span> <span class='ocrx_word' id='word_1_104' title='bbox 492 1496 620 1548; x_wconf 90' lang='lat' dir='ltr'><strong>conversi</strong></span> <span class='ocrx_word' id='word_1_105' title='bbox 633 1496 699 1548; x_wconf 91' lang='lat' dir='ltr'><strong>cleri</strong></span> <span class='ocrx_word' id='word_1_106' title='bbox 713 1508 744 1549; x_wconf 92' lang='lat' dir='ltr'><strong>ac</strong></span> <span class='ocrx_word' id='word_1_107' title='bbox 757 1496 849 1561; x_wconf 89' lang='lat' dir='ltr'><strong>populi</strong></span> <span class='ocrx_word' id='word_1_108' title='bbox 868 1498 1005 1550; x_wconf 89' lang='lat' dir='ltr'><strong>orationes</strong></span> <span class='ocrx_word' id='word_1_109' title='bbox 1022 1496 1073 1550; x_wconf 90' lang='lat' dir='ltr'><strong>soli</strong></span> <span class='ocrx_word' id='word_1_110' title='bbox 1093 1500 1149 1549; x_wconf 82' lang='lat' dir='ltr'><strong>ileo</strong></span> <span class='ocrx_word' id='word_1_111' title='bbox 1162 1498 1291 1563; x_wconf 85' lang='lat' dir='ltr'><strong>expansis</strong></span> <span class='ocrx_word' id='word_1_112' title='bbox 1301 1494 1370 1548; x_wconf 86' lang='lat' dir='ltr'><strong>mani·</strong></span> 
     </span>
     <span class='ocr_line' id='line_1_13' title="bbox 158 1594 827 1648; baseline -0.003 0"><span class='ocrx_word' id='word_1_113' title='bbox 158 1597 209 1648; x_wconf 91' lang='lat' dir='ltr'><strong>bus</strong></span> <span class='ocrx_word' id='word_1_114' title='bbox 221 1594 255 1647; x_wconf 91' lang='lat' dir='ltr'><strong>ad</strong></span> <span class='ocrx_word' id='word_1_115' title='bbox 268 1594 375 1647; x_wconf 87' lang='lat' dir='ltr'><strong>caelum</strong></span> <span class='ocrx_word' id='word_1_116' title='bbox 387 1594 416 1646; x_wconf 87' lang='lat' dir='ltr'><strong>in</strong></span> <span class='ocrx_word' id='word_1_117' title='bbox 429 1595 540 1647; x_wconf 90' lang='lat' dir='ltr'><strong>modum</strong></span> <span class='ocrx_word' id='word_1_118' title='bbox 554 1595 644 1647; x_wconf 88' lang='lat' dir='ltr'><strong>crucis</strong></span> <span class='ocrx_word' id='word_1_119' title='bbox 656 1594 827 1648; x_wconf 79' lang='lat' dir='ltr'><strong>deferebant.</strong></span> 
     </span>
    </p>

    <p class='ocr_par' dir='ltr' id='par_1_5' title="bbox 156 1693 1404 2158">
     <span class='ocr_line' id='line_1_14' title="bbox 188 1693 1367 1762; baseline 0.001 -16"><span class='ocrx_word' id='word_1_120' title='bbox 188 1693 298 1746; x_wconf 76' lang='lat' dir='ltr'><strong>Lectio</strong></span> <span class='ocrx_word' id='word_1_121' title='bbox 309 1695 366 1745; x_wconf 88' lang='lat'>111.</span> <span class='ocrx_word' id='word_1_122' title='bbox 380 1695 488 1746; x_wconf 89' lang='lat' dir='ltr'><strong>interea</strong></span> <span class='ocrx_word' id='word_1_123' title='bbox 499 1706 611 1760; x_wconf 94' lang='lat' dir='ltr'><strong>quoque</strong></span> <span class='ocrx_word' id='word_1_124' title='bbox 625 1693 741 1759; x_wconf 90' lang='lat' dir='ltr'><strong>populus</strong></span> <span class='ocrx_word' id='word_1_125' title='bbox 754 1698 841 1746; x_wconf 90' lang='lat' dir='ltr'><strong>tactus</strong></span> <span class='ocrx_word' id='word_1_126' title='bbox 852 1699 880 1762; x_wconf 83' lang='lat' dir='ltr'><strong>et</strong></span> <span class='ocrx_word' id='word_1_127' title='bbox 890 1706 1023 1746; x_wconf 90' lang='lat' dir='ltr'><strong>accensus</strong></span> <span class='ocrx_word' id='word_1_128' title='bbox 1033 1693 1134 1746; x_wconf 92' lang='lat' dir='ltr'><strong>ardore</strong></span> <span class='ocrx_word' id='word_1_129' title='bbox 1156 1693 1274 1761; x_wconf 88' lang='lat' dir='ltr'><strong>spiritus</strong></span> <span class='ocrx_word' id='word_1_130' title='bbox 1287 1693 1367 1753; x_wconf 76' lang='lat' dir='ltr'><strong>noeti,</strong></span> 
     </span>
     <span class='ocr_line' id='line_1_15' title="bbox 156 1791 1370 1860; baseline 0.005 -15"><span class='ocrx_word' id='word_1_131' title='bbox 156 1794 218 1860; x_wconf 92' lang='lat' dir='ltr'><strong>quia</strong></span> <span class='ocrx_word' id='word_1_132' title='bbox 233 1795 260 1844; x_wconf 96' lang='lat' dir='ltr'><strong>in</strong></span> <span class='ocrx_word' id='word_1_133' title='bbox 274 1793 339 1858; x_wconf 90' lang='lat' dir='ltr'><strong>ipsis</strong></span> <span class='ocrx_word' id='word_1_134' title='bbox 352 1793 393 1844; x_wconf 82' lang='lat' dir='ltr'><strong>tris</strong></span> <span class='ocrx_word' id='word_1_135' title='bbox 406 1792 503 1845; x_wconf 90' lang='lat' dir='ltr'><strong>diebus</strong></span> <span class='ocrx_word' id='word_1_136' title='bbox 524 1792 622 1846; x_wconf 89' lang='lat' dir='ltr'><strong>beatus</strong></span> <span class='ocrx_word' id='word_1_137' title='bbox 643 1796 790 1846; x_wconf 79' lang='lat' dir='ltr'><strong>Mamertus</strong></span> <span class='ocrx_word' id='word_1_138' title='bbox 811 1791 959 1858; x_wconf 89' lang='lat' dir='ltr'><strong>episcopus</strong></span> <span class='ocrx_word' id='word_1_139' title='bbox 980 1793 1130 1847; x_wconf 85' lang='lat' dir='ltr'><strong>humanam</strong></span> <span class='ocrx_word' id='word_1_140' title='bbox 1152 1798 1280 1847; x_wconf 78' lang='lat' dir='ltr'><strong>caruerat</strong></span> <span class='ocrx_word' id='word_1_141' title='bbox 1294 1793 1370 1851; x_wconf 72' lang='lat' dir='ltr'><strong>nun.</strong></span> 
     </span>
     <span class='ocr_line' id='line_1_16' title="bbox 156 1890 1404 1960; baseline -0.002 -15"><span class='ocrx_word' id='word_1_142' title='bbox 156 1893 215 1945; x_wconf 90' lang='lat' dir='ltr'><strong>viva</strong></span> <span class='ocrx_word' id='word_1_143' title='bbox 228 1905 294 1945; x_wconf 89' lang='lat' dir='ltr'><strong>voce</strong></span> <span class='ocrx_word' id='word_1_144' title='bbox 306 1892 420 1958; x_wconf 90' lang='lat' dir='ltr'><strong>vivoque</strong></span> <span class='ocrx_word' id='word_1_145' title='bbox 432 1904 559 1944; x_wconf 89' lang='lat' dir='ltr'><strong>sermone</strong></span> <span class='ocrx_word' id='word_1_146' title='bbox 576 1892 685 1945; x_wconf 86' lang='lat' dir='ltr'><strong>beatum</strong></span> <span class='ocrx_word' id='word_1_147' title='bbox 699 1893 830 1957; x_wconf 88' lang='lat' dir='ltr'><strong>ilysitium</strong></span> <span class='ocrx_word' id='word_1_148' title='bbox 842 1892 1016 1958; x_wconf 78' lang='lat' dir='ltr'><strong>proditurum</strong></span> <span class='ocrx_word' id='word_1_149' title='bbox 1037 1892 1264 1947; x_wconf 89' lang='lat' dir='ltr'><strong>acclamaverunt</strong></span> <span class='ocrx_word' id='word_1_150' title='bbox 1282 1890 1404 1960; x_wconf 78' lang='lat' dir='ltr'><strong>pontittt</strong></span> 
     </span>
     <span class='ocr_line' id='line_1_17' title="bbox 156 1990 1371 2058; baseline 0 -14"><span class='ocrx_word' id='word_1_151' title='bbox 156 2005 225 2045; x_wconf 85' lang='lat' dir='ltr'><strong>cern.</strong></span> <span class='ocrx_word' id='word_1_152' title='bbox 239 1992 322 2054; x_wconf 83' lang='lat' dir='ltr'><strong>Quam</strong></span> <span class='ocrx_word' id='word_1_153' title='bbox 336 1991 558 2043; x_wconf 85' lang='lat' dir='ltr'><strong>acclamationem</strong></span> <span class='ocrx_word' id='word_1_154' title='bbox 572 1990 666 2043; x_wconf 88' lang='lat' dir='ltr'><strong>beatus</strong></span> <span class='ocrx_word' id='word_1_155' title='bbox 676 1991 792 2043; x_wconf 88' lang='lat' dir='ltr'><strong>audiens</strong></span> <span class='ocrx_word' id='word_1_156' title='bbox 804 1992 919 2044; x_wconf 88' lang='lat' dir='ltr'><strong>reboare</strong></span> <span class='ocrx_word' id='word_1_157' title='bbox 941 1991 1068 2058; x_wconf 83' lang='lat' dir='ltr'><strong>llysitius‚</strong></span> <span class='ocrx_word' id='word_1_158' title='bbox 1082 1990 1173 2045; x_wconf 91' lang='lat' dir='ltr'><strong>nimio</strong></span> <span class='ocrx_word' id='word_1_159' title='bbox 1192 1999 1297 2046; x_wconf 77' lang='lat' dir='ltr'><strong>terrore</strong></span> <span class='ocrx_word' id='word_1_160' title='bbox 1311 1993 1371 2044; x_wconf 81' lang='lat' dir='ltr'><strong>tate</strong></span> 
     </span>
     <span class='ocr_line' id='line_1_18' title="bbox 156 2090 1371 2158; baseline -0.002 -14"><span class='ocrx_word' id='word_1_161' title='bbox 156 2093 253 2155; x_wconf 78' lang='lat' dir='ltr'><strong>sactus,</strong></span> <span class='ocrx_word' id='word_1_162' title='bbox 273 2091 381 2144; x_wconf 87' lang='lat' dir='ltr'><strong>concito</strong></span> <span class='ocrx_word' id='word_1_163' title='bbox 401 2091 470 2143; x_wconf 89' lang='lat' dir='ltr'><strong>calle</strong></span> <span class='ocrx_word' id='word_1_164' title='bbox 489 2090 580 2155; x_wconf 69' lang='lat' dir='ltr'><strong>lupam</strong></span> <span class='ocrx_word' id='word_1_165' title='bbox 599 2090 670 2144; x_wconf 86' lang='lat' dir='ltr'><strong>iniit.</strong></span> <span class='ocrx_word' id='word_1_166' title='bbox 683 2094 748 2143; x_wconf 80' lang='lat' dir='ltr'><strong>curn</strong></span> <span class='ocrx_word' id='word_1_167' title='bbox 772 2103 836 2158; x_wconf 81' lang='lat' dir='ltr'><strong>ergo</strong></span> <span class='ocrx_word' id='word_1_168' title='bbox 857 2096 967 2156; x_wconf 81' lang='lat' dir='ltr'><strong>arrupta</strong></span> <span class='ocrx_word' id='word_1_169' title='bbox 987 2091 1122 2144; x_wconf 89' lang='lat' dir='ltr'><strong>montium</strong></span> <span class='ocrx_word' id='word_1_170' title='bbox 1144 2091 1371 2145; x_wconf 84' lang='lat' dir='ltr'><strong>conscenderetet</strong></span> 
     </span>
    </p>

    <p class='ocr_par' dir='ltr' id='par_1_6' title="bbox 8 2176 1371 2355">
     <span class='ocr_line' id='line_1_19' title="bbox 8 2176 1371 2262; baseline -0.001 -20"><span class='ocrx_word' id='word_1_171' title='bbox 8 2207 54 2261; x_wconf 64' lang='lat' dir='ltr'><strong>iga</strong></span> <span class='ocrx_word' id='word_1_172' title='bbox 66 2209 131 2262; x_wconf 53' lang='lat' dir='ltr'><strong>cop</strong></span> <span class='ocrx_word' id='word_1_173' title='bbox 155 2203 243 2256; x_wconf 88' lang='lat' dir='ltr'><strong>usque</strong></span> <span class='ocrx_word' id='word_1_174' title='bbox 257 2190 290 2242; x_wconf 91' lang='lat' dir='ltr'><strong>ad</strong></span> <span class='ocrx_word' id='word_1_175' title='bbox 303 2189 478 2255; x_wconf 75' lang='lat' dir='ltr'><strong>supercilium</strong></span> <span class='ocrx_word' id='word_1_176' title='bbox 488 2176 573 2241; x_wconf 76' lang='lat' dir='ltr'><strong>castri</strong></span> <span class='ocrx_word' id='word_1_177' title='bbox 586 2190 703 2252; x_wconf 86' lang='lat' dir='ltr'><strong>Quiriaci</strong></span> <span class='ocrx_word' id='word_1_178' title='bbox 726 2191 837 2243; x_wconf 89' lang='lat' dir='ltr'><strong>nomine</strong></span> <span class='ocrx_word' id='word_1_179' title='bbox 848 2191 1010 2258; x_wconf 74' lang='lat' dir='ltr'><strong>mitigaret,</strong></span> <span class='ocrx_word' id='word_1_180' title='bbox 1023 2190 1161 2244; x_wconf 81' lang='lat' dir='ltr'><strong>foramina</strong></span> <span class='ocrx_word' id='word_1_181' title='bbox 1178 2189 1371 2259; x_wconf 86' lang='lat' dir='ltr'><strong>aquaeductuu&#39;</strong></span> 
     </span>
     <span class='ocr_line' id='line_1_20' title="bbox 156 2283 1032 2355; baseline -0.005 -15"><span class='ocrx_word' id='word_1_182' title='bbox 156 2288 300 2354; x_wconf 86' lang='lat' dir='ltr'><strong>superiori·</strong></span> <span class='ocrx_word' id='word_1_183' title='bbox 312 2288 432 2352; x_wconf 88' lang='lat' dir='ltr'><strong>expetiit.</strong></span> <span class='ocrx_word' id='word_1_184' title='bbox 447 2283 504 2350; x_wconf 81' lang='lat' dir='ltr'><strong>Qu&#39;o</strong></span> <span class='ocrx_word' id='word_1_185' title='bbox 517 2287 656 2355; x_wconf 80' lang='lat' dir='ltr'><strong>ingressus</strong></span> <span class='ocrx_word' id='word_1_186' title='bbox 668 2288 820 2340; x_wconf 86' lang='lat' dir='ltr'><strong>obscuriori</strong></span> <span class='ocrx_word' id='word_1_187' title='bbox 832 2288 860 2339; x_wconf 91' lang='lat' dir='ltr'><strong>in</strong></span> <span class='ocrx_word' id='word_1_188' title='bbox 874 2287 933 2341; x_wconf 91' lang='lat' dir='ltr'><strong>loco</strong></span> <span class='ocrx_word' id='word_1_189' title='bbox 946 2288 1032 2341; x_wconf 90' lang='lat' dir='ltr'><strong>latuit.</strong></span> 
     </span>
    </p>

    <p class='ocr_par' dir='ltr' id='par_1_7' title="bbox 155 2384 1407 3259">
     <span class='ocr_line' id='line_1_21' title="bbox 192 2384 1404 2453; baseline -0.001 -13"><span class='ocrx_word' id='word_1_190' title='bbox 192 2388 488 2452; x_wconf 64' lang='lat' dir='ltr'><strong>Lacrimantem</strong></span> <span class='ocrx_word' id='word_1_191' title='bbox 507 2387 544 2439; x_wconf 88' lang='lat' dir='ltr'><strong>ibi</strong></span> <span class='ocrx_word' id='word_1_192' title='bbox 557 2387 612 2440; x_wconf 94' lang='lat' dir='ltr'><strong>duo</strong></span> <span class='ocrx_word' id='word_1_193' title='bbox 622 2389 737 2453; x_wconf 85' lang='lat' dir='ltr'><strong>juvenes</strong></span> <span class='ocrx_word' id='word_1_194' title='bbox 757 2387 862 2440; x_wconf 86' lang='lat' dir='ltr'><strong>viribus</strong></span> <span class='ocrx_word' id='word_1_195' title='bbox 883 2388 1052 2441; x_wconf 83' lang='lat' dir='ltr'><strong>robustiores</strong></span> <span class='ocrx_word' id='word_1_196' title='bbox 1072 2388 1161 2443; x_wconf 89' lang='lat' dir='ltr'><strong>veloci</strong></span> <span class='ocrx_word' id='word_1_197' title='bbox 1185 2392 1292 2444; x_wconf 85' lang='lat' dir='ltr'><strong>tramite</strong></span> <span class='ocrx_word' id='word_1_198' title='bbox 1310 2384 1404 2447; x_wconf 63' lang='lat' dir='ltr'><strong>eum!</strong></span> 
     </span>
     <span class='ocr_line' id='line_1_22' title="bbox 158 2468 1372 2564; baseline 0.002 -27"><span class='ocrx_word' id='word_1_199' title='bbox 158 2487 293 2564; x_wconf 79' lang='lat' dir='ltr'><strong>praeviam</strong></span> <span class='ocrx_word' id='word_1_200' title='bbox 307 2488 334 2539; x_wconf 91' lang='lat' dir='ltr'><strong>in</strong></span> <span class='ocrx_word' id='word_1_201' title='bbox 347 2487 466 2553; x_wconf 90' lang='lat' dir='ltr'><strong>idipsum</strong></span> <span class='ocrx_word' id='word_1_202' title='bbox 479 2487 610 2539; x_wconf 87' lang='lat' dir='ltr'><strong>babentes</strong></span> <span class='ocrx_word' id='word_1_203' title='bbox 630 2487 795 2549; x_wconf 85' lang='lat' dir='ltr'><strong>columbam,</strong></span> <span class='ocrx_word' id='word_1_204' title='bbox 809 2487 925 2539; x_wconf 86' lang='lat' dir='ltr'><strong>assecuti</strong></span> <span class='ocrx_word' id='word_1_205' title='bbox 947 2488 1091 2550; x_wconf 73' lang='lat' dir='ltr'><strong>suntque</strong></span> <span class='ocrx_word' id='word_1_206' title='bbox 1111 2468 1220 2541; x_wconf 42' lang='lat' dir='ltr'><strong>in&#39;locu</strong></span> <span class='ocrx_word' id='word_1_207' title='bbox 1245 2488 1372 2541; x_wconf 81' lang='lat' dir='ltr'><strong>universos</strong></span> 
     </span>
     <span class='ocr_line' id='line_1_23' title="bbox 155 2585 1371 2653; baseline -0.001 -14"><span class='ocrx_word' id='word_1_208' title='bbox 155 2587 245 2639; x_wconf 86' lang='lat' dir='ltr'><strong>clerus</strong></span> <span class='ocrx_word' id='word_1_209' title='bbox 256 2587 403 2653; x_wconf 83' lang='lat' dir='ltr'><strong>populique</strong></span> <span class='ocrx_word' id='word_1_210' title='bbox 413 2586 565 2652; x_wconf 79' lang='lat' dir='ltr'><strong>frequentia</strong></span> <span class='ocrx_word' id='word_1_211' title='bbox 579 2586 631 2637; x_wconf 91' lang='lat' dir='ltr'><strong>sub</strong></span> <span class='ocrx_word' id='word_1_212' title='bbox 640 2586 755 2638; x_wconf 91' lang='lat' dir='ltr'><strong>obtentu</strong></span> <span class='ocrx_word' id='word_1_213' title='bbox 766 2585 904 2652; x_wconf 75' lang='lat' dir='ltr'><strong>religionis</strong></span> <span class='ocrx_word' id='word_1_214' title='bbox 913 2598 1071 2647; x_wconf 81' lang='lat' dir='ltr'><strong>occurrens,</strong></span> <span class='ocrx_word' id='word_1_215' title='bbox 1083 2589 1236 2653; x_wconf 81' lang='lat' dir='ltr'><strong>eum-[per]</strong></span> <span class='ocrx_word' id='word_1_216' title='bbox 1246 2588 1300 2640; x_wconf 84' lang='lat' dir='ltr'><strong>vim</strong></span> <span class='ocrx_word' id='word_1_217' title='bbox 1311 2585 1371 2639; x_wconf 82' lang='lat' dir='ltr'><strong>lorti·</strong></span> 
     </span>
     <span class='ocr_line' id='line_1_24' title="bbox 157 2684 1371 2751; baseline 0 -14"><span class='ocrx_word' id='word_1_218' title='bbox 157 2685 259 2738; x_wconf 88' lang='lat' dir='ltr'><strong>tudinis</strong></span> <span class='ocrx_word' id='word_1_219' title='bbox 272 2686 421 2751; x_wconf 87' lang='lat' dir='ltr'><strong>capientes,</strong></span> <span class='ocrx_word' id='word_1_220' title='bbox 434 2684 469 2736; x_wconf 88' lang='lat' dir='ltr'><strong>ad</strong></span> <span class='ocrx_word' id='word_1_221' title='bbox 482 2691 595 2736; x_wconf 88' lang='lat' dir='ltr'><strong>matrem</strong></span> <span class='ocrx_word' id='word_1_222' title='bbox 608 2685 752 2737; x_wconf 81' lang='lat' dir='ltr'><strong>eeclesiam</strong></span> <span class='ocrx_word' id='word_1_223' title='bbox 765 2697 829 2737; x_wconf 92' lang='lat' dir='ltr'><strong>cum</strong></span> <span class='ocrx_word' id='word_1_224' title='bbox 847 2684 950 2749; x_wconf 75' lang='lat' dir='ltr'><strong>ingenti</strong></span> <span class='ocrx_word' id='word_1_225' title='bbox 968 2685 1129 2737; x_wconf 85' lang='lat' dir='ltr'><strong>celebritate</strong></span> <span class='ocrx_word' id='word_1_226' title='bbox 1149 2685 1371 2739; x_wconf 77' lang='lat' dir='ltr'><strong>intersecantibus</strong></span> 
     </span>
     <span class='ocr_line' id='line_1_25' title="bbox 156 2783 1372 2852; baseline -0.002 -15"><span class='ocrx_word' id='word_1_227' title='bbox 156 2785 268 2837; x_wconf 88' lang='lat' dir='ltr'><strong>canticis</strong></span> <span class='ocrx_word' id='word_1_228' title='bbox 283 2797 314 2837; x_wconf 91' lang='lat' dir='ltr'><strong>ac</strong></span> <span class='ocrx_word' id='word_1_229' title='bbox 337 2785 516 2838; x_wconf 90' lang='lat' dir='ltr'><strong>reboantibus</strong></span> <span class='ocrx_word' id='word_1_230' title='bbox 537 2783 700 2850; x_wconf 79' lang='lat' dir='ltr'><strong>hymnidicis</strong></span> <span class='ocrx_word' id='word_1_231' title='bbox 721 2784 848 2837; x_wconf 92' lang='lat' dir='ltr'><strong>laudibus</strong></span> <span class='ocrx_word' id='word_1_232' title='bbox 868 2784 1050 2837; x_wconf 78' lang='lat' dir='ltr'><strong>deduxerunt</strong></span> <span class='ocrx_word' id='word_1_233' title='bbox 1064 2787 1150 2851; x_wconf 80' lang='lat' dir='ltr'><strong>cujus</strong></span> <span class='ocrx_word' id='word_1_234' title='bbox 1171 2799 1289 2840; x_wconf 89' lang='lat' dir='ltr'><strong>occursu</strong></span> <span class='ocrx_word' id='word_1_235' title='bbox 1299 2786 1372 2852; x_wconf 83' lang='lat' dir='ltr'><strong>prima</strong></span> 
     </span>
     <span class='ocr_line' id='line_1_26' title="bbox 157 2880 1407 2953; baseline -0.003 -17"><span class='ocrx_word' id='word_1_236' title='bbox 157 2885 326 2938; x_wconf 85' lang='lat' dir='ltr'><strong>bebdomada</strong></span> <span class='ocrx_word' id='word_1_237' title='bbox 339 2885 428 2937; x_wconf 92' lang='lat' dir='ltr'><strong>martii</strong></span> <span class='ocrx_word' id='word_1_238' title='bbox 441 2886 544 2936; x_wconf 89' lang='lat' dir='ltr'><strong>mensis</strong></span> <span class='ocrx_word' id='word_1_239' title='bbox 556 2885 684 2949; x_wconf 88' lang='lat' dir='ltr'><strong>obviavit,</strong></span> <span class='ocrx_word' id='word_1_240' title='bbox 697 2898 753 2951; x_wconf 89' lang='lat' dir='ltr'><strong>quo</strong></span> <span class='ocrx_word' id='word_1_241' title='bbox 776 2886 803 2936; x_wconf 92' lang='lat' dir='ltr'><strong>in</strong></span> <span class='ocrx_word' id='word_1_242' title='bbox 825 2898 921 2938; x_wconf 91' lang='lat' dir='ltr'><strong>mense</strong></span> <span class='ocrx_word' id='word_1_243' title='bbox 934 2886 1013 2937; x_wconf 89' lang='lat' dir='ltr'><strong>tertia</strong></span> <span class='ocrx_word' id='word_1_244' title='bbox 1034 2885 1216 2953; x_wconf 84' lang='lat' dir='ltr'><strong>subsequenti</strong></span> <span class='ocrx_word' id='word_1_245' title='bbox 1235 2887 1341 2941; x_wconf 81' lang='lat' dir='ltr'><strong>sabbato</strong></span> <span class='ocrx_word' id='word_1_246' title='bbox 1351 2880 1407 2935; x_wconf 61' lang='lat' dir='ltr'><strong>in!</strong></span> 
     </span>
     <span class='ocr_line' id='line_1_27' title="bbox 155 2984 1374 3040; baseline -0.002 -3"><span class='ocrx_word' id='word_1_247' title='bbox 155 2985 264 3037; x_wconf 88' lang='lat' dir='ltr'><strong>laudem</strong></span> <span class='ocrx_word' id='word_1_248' title='bbox 277 2986 323 3036; x_wconf 87' lang='lat' dir='ltr'><strong>bei</strong></span> <span class='ocrx_word' id='word_1_249' title='bbox 341 2991 369 3036; x_wconf 90' lang='lat' dir='ltr'><strong>et</strong></span> <span class='ocrx_word' id='word_1_250' title='bbox 390 2985 495 3036; x_wconf 82' lang='lat' dir='ltr'><strong>bomini</strong></span> <span class='ocrx_word' id='word_1_251' title='bbox 514 2985 599 3036; x_wconf 90' lang='lat' dir='ltr'><strong>nostri</strong></span> <span class='ocrx_word' id='word_1_252' title='bbox 621 2986 687 3036; x_wconf 85' lang='lat' dir='ltr'><strong>lesu</strong></span> <span class='ocrx_word' id='word_1_253' title='bbox 710 2985 807 3036; x_wconf 80' lang='lat' dir='ltr'><strong>Christi</strong></span> <span class='ocrx_word' id='word_1_254' title='bbox 829 2990 939 3037; x_wconf 88' lang='lat' dir='ltr'><strong>sanctae</strong></span> <span class='ocrx_word' id='word_1_255' title='bbox 964 2985 1058 3036; x_wconf 91' lang='lat' dir='ltr'><strong>matris</strong></span> <span class='ocrx_word' id='word_1_256' title='bbox 1073 2985 1210 3040; x_wconf 90' lang='lat' dir='ltr'><strong>ccclesiae</strong></span> <span class='ocrx_word' id='word_1_257' title='bbox 1227 2984 1374 3039; x_wconf 78' lang='lat' dir='ltr'><strong>Viennensis</strong></span> 
     </span>
     <span class='ocr_line' id='line_1_28' title="bbox 155 3082 1374 3152; baseline -0.002 -18"><span class='ocrx_word' id='word_1_258' title='bbox 155 3090 261 3136; x_wconf 87' lang='lat' dir='ltr'><strong>creatus</strong></span> <span class='ocrx_word' id='word_1_259' title='bbox 281 3089 322 3136; x_wconf 89' lang='lat' dir='ltr'><strong>est</strong></span> <span class='ocrx_word' id='word_1_260' title='bbox 342 3083 473 3148; x_wconf 80' lang='lat' dir='ltr'><strong>pontifex.</strong></span> <span class='ocrx_word' id='word_1_261' title='bbox 495 3085 578 3146; x_wconf 83' lang='lat' dir='ltr'><strong>Quam</strong></span> <span class='ocrx_word' id='word_1_262' title='bbox 600 3082 744 3135; x_wconf 84' lang='lat' dir='ltr'><strong>ecelesiam</strong></span> <span class='ocrx_word' id='word_1_263' title='bbox 762 3083 879 3136; x_wconf 88' lang='lat' dir='ltr'><strong>mirabili</strong></span> <span class='ocrx_word' id='word_1_264' title='bbox 900 3084 1037 3137; x_wconf 86' lang='lat' dir='ltr'><strong>decoravit</strong></span> <span class='ocrx_word' id='word_1_265' title='bbox 1061 3082 1168 3137; x_wconf 89' lang='lat' dir='ltr'><strong>lumine</strong></span> <span class='ocrx_word' id='word_1_266' title='bbox 1190 3086 1336 3152; x_wconf 85' lang='lat' dir='ltr'><strong>sapientiae</strong></span> <span class='ocrx_word' id='word_1_267' title='bbox 1352 3086 1374 3135; x_wconf 87' lang='lat' dir='ltr'><strong>et</strong></span> 
     </span>
     <span class='ocr_line' id='line_1_29' title="bbox 155 3183 645 3259; baseline 0.008 -24"><span class='ocrx_word' id='word_1_268' title='bbox 155 3183 294 3236; x_wconf 82' lang='lat' dir='ltr'><strong>scientiae.</strong></span> <span class='ocrx_word' id='word_1_269' title='bbox 641 3232 645 3259; x_wconf 28' lang='grc' dir='ltr'><strong>Ι.</strong></span> 
     </span>
    </p>

    <p class='ocr_par' dir='ltr' id='par_1_8' title="bbox 155 3281 1408 4138">
     <span class='ocr_line' id='line_1_30' title="bbox 189 3281 1376 3348; baseline -0.002 -14"><span class='ocrx_word' id='word_1_270' title='bbox 189 3282 298 3334; x_wconf 84' lang='lat' dir='ltr'><strong>Lectio</strong></span> <span class='ocrx_word' id='word_1_271' title='bbox 318 3284 356 3333; x_wconf 86' lang='lat' dir='ltr'><strong>V.</strong></span> <span class='ocrx_word' id='word_1_272' title='bbox 379 3281 454 3333; x_wconf 87' lang='lat' dir='ltr'><strong>Unde</strong></span> <span class='ocrx_word' id='word_1_273' title='bbox 472 3287 499 3333; x_wconf 90' lang='lat' dir='ltr'><strong>et</strong></span> <span class='ocrx_word' id='word_1_274' title='bbox 521 3281 707 3333; x_wconf 88' lang='lat' dir='ltr'><strong>beatissimum</strong></span> <span class='ocrx_word' id='word_1_275' title='bbox 729 3294 761 3334; x_wconf 92' lang='lat' dir='ltr'><strong>ac</strong></span> <span class='ocrx_word' id='word_1_276' title='bbox 781 3281 898 3346; x_wconf 92' lang='lat' dir='ltr'><strong>probum</strong></span> <span class='ocrx_word' id='word_1_277' title='bbox 921 3282 1009 3333; x_wconf 87' lang='lat' dir='ltr'><strong>virum</strong></span> <span class='ocrx_word' id='word_1_278' title='bbox 1030 3283 1138 3334; x_wconf 79' lang='lat' dir='ltr'><strong>Avitum</strong></span> <span class='ocrx_word' id='word_1_279' title='bbox 1158 3284 1188 3336; x_wconf 94' lang='lat' dir='ltr'><strong>in</strong></span> <span class='ocrx_word' id='word_1_280' title='bbox 1212 3284 1308 3336; x_wconf 86' lang='lat' dir='ltr'><strong>eadem</strong></span> <span class='ocrx_word' id='word_1_281' title='bbox 1329 3284 1376 3348; x_wconf 84' lang='lat' dir='ltr'><strong>ipsa</strong></span> 
     </span>
     <span class='ocr_line' id='line_1_31' title="bbox 155 3377 1408 3449; baseline -0.003 -16"><span class='ocrx_word' id='word_1_282' title='bbox 155 3382 269 3433; x_wconf 84' lang='lat' dir='ltr'><strong>ecclesia</strong></span> <span class='ocrx_word' id='word_1_283' title='bbox 282 3393 470 3433; x_wconf 83' lang='lat' dir='ltr'><strong>successorem</strong></span> <span class='ocrx_word' id='word_1_284' title='bbox 492 3380 544 3432; x_wconf 91' lang='lat' dir='ltr'><strong>sibi</strong></span> <span class='ocrx_word' id='word_1_285' title='bbox 566 3380 718 3446; x_wconf 78' lang='lat' dir='ltr'><strong>adsignavit</strong></span> <span class='ocrx_word' id='word_1_286' title='bbox 737 3379 904 3446; x_wconf 80' lang='lat' dir='ltr'><strong>pontificem.</strong></span> <span class='ocrx_word' id='word_1_287' title='bbox 918 3383 1046 3433; x_wconf 88' lang='lat' dir='ltr'><strong>sanctum</strong></span> <span class='ocrx_word' id='word_1_288' title='bbox 1068 3395 1185 3448; x_wconf 90' lang='lat' dir='ltr'><strong>quoque</strong></span> <span class='ocrx_word' id='word_1_289' title='bbox 1206 3377 1408 3449; x_wconf 74' lang='lat' dir='ltr'><strong>Apollinarenti</strong></span> 
     </span>
     <span class='ocr_line' id='line_1_32' title="bbox 155 3479 1376 3550; baseline 0 -18"><span class='ocrx_word' id='word_1_290' title='bbox 155 3493 242 3546; x_wconf 90' lang='lat' dir='ltr'><strong>aeque</strong></span> <span class='ocrx_word' id='word_1_291' title='bbox 256 3481 341 3532; x_wconf 88' lang='lat' dir='ltr'><strong>lilium</strong></span> <span class='ocrx_word' id='word_1_292' title='bbox 363 3480 391 3532; x_wconf 91' lang='lat' dir='ltr'><strong>ln</strong></span> <span class='ocrx_word' id='word_1_293' title='bbox 416 3480 557 3532; x_wconf 83' lang='lat' dir='ltr'><strong>valentina</strong></span> <span class='ocrx_word' id='word_1_294' title='bbox 578 3479 685 3532; x_wconf 87' lang='lat' dir='ltr'><strong>civitate</strong></span> <span class='ocrx_word' id='word_1_295' title='bbox 706 3480 792 3532; x_wconf 90' lang='lat' dir='ltr'><strong>isdem</strong></span> <span class='ocrx_word' id='word_1_296' title='bbox 810 3482 1041 3544; x_wconf 78' lang='lat' dir='ltr'><strong>consecraivit1et</strong></span> <span class='ocrx_word' id='word_1_297' title='bbox 1061 3481 1205 3534; x_wconf 87' lang='lat' dir='ltr'><strong>ordinavit</strong></span> <span class='ocrx_word' id='word_1_298' title='bbox 1220 3484 1376 3550; x_wconf 87' lang='lat' dir='ltr'><strong>episcopum.</strong></span> 
     </span>
     <span class='ocr_line' id='line_1_33' title="bbox 156 3578 1376 3642; baseline 0 -11"><span class='ocrx_word' id='word_1_299' title='bbox 156 3582 275 3642; x_wconf 82' lang='lat' dir='ltr'><strong>Quorum</strong></span> <span class='ocrx_word' id='word_1_300' title='bbox 288 3578 406 3631; x_wconf 90' lang='lat' dir='ltr'><strong>liliorum</strong></span> <span class='ocrx_word' id='word_1_301' title='bbox 418 3578 541 3631; x_wconf 91' lang='lat' dir='ltr'><strong>doctrina</strong></span> <span class='ocrx_word' id='word_1_302' title='bbox 554 3579 701 3631; x_wconf 87' lang='lat' dir='ltr'><strong>universus</strong></span> <span class='ocrx_word' id='word_1_303' title='bbox 713 3580 816 3632; x_wconf 88' lang='lat' dir='ltr'><strong>redolet</strong></span> <span class='ocrx_word' id='word_1_304' title='bbox 829 3580 948 3633; x_wconf 88' lang='lat' dir='ltr'><strong>mundus</strong></span> <span class='ocrx_word' id='word_1_305' title='bbox 961 3594 993 3633; x_wconf 93' lang='lat' dir='ltr'><strong>ac</strong></span> <span class='ocrx_word' id='word_1_306' title='bbox 1006 3582 1136 3634; x_wconf 86' lang='lat' dir='ltr'><strong>universa</strong></span> <span class='ocrx_word' id='word_1_307' title='bbox 1158 3587 1231 3635; x_wconf 86' lang='lat' dir='ltr'><strong>terra</strong></span> <span class='ocrx_word' id='word_1_308' title='bbox 1253 3582 1376 3636; x_wconf 84' lang='lat' dir='ltr'><strong>olilciosis·</strong></span> 
     </span>
     <span class='ocr_line' id='line_1_34' title="bbox 157 3678 1377 3751; baseline 0.001 -22"><span class='ocrx_word' id='word_1_309' title='bbox 157 3680 224 3731; x_wconf 88' lang='lat' dir='ltr'><strong>sime</strong></span> <span class='ocrx_word' id='word_1_310' title='bbox 236 3678 437 3744; x_wconf 82' lang='lat' dir='ltr'><strong>depromitQui</strong></span> <span class='ocrx_word' id='word_1_311' title='bbox 451 3691 515 3730; x_wconf 89' lang='lat' dir='ltr'><strong>vero</strong></span> <span class='ocrx_word' id='word_1_312' title='bbox 528 3686 555 3730; x_wconf 91' lang='lat' dir='ltr'><strong>et</strong></span> <span class='ocrx_word' id='word_1_313' title='bbox 566 3679 661 3745; x_wconf 86' lang='lat' dir='ltr'><strong>quanti</strong></span> <span class='ocrx_word' id='word_1_314' title='bbox 676 3679 786 3741; x_wconf 84' lang='lat' dir='ltr'><strong>tuerint,</strong></span> <span class='ocrx_word' id='word_1_315' title='bbox 796 3679 871 3732; x_wconf 89' lang='lat' dir='ltr'><strong>nulla</strong></span> <span class='ocrx_word' id='word_1_316' title='bbox 885 3680 985 3733; x_wconf 87' lang='lat' dir='ltr'><strong>indicia</strong></span> <span class='ocrx_word' id='word_1_317' title='bbox 998 3681 1149 3748; x_wconf 88' lang='lat' dir='ltr'><strong>nullusque</strong></span> <span class='ocrx_word' id='word_1_318' title='bbox 1162 3681 1265 3751; x_wconf 74' lang='lat' dir='ltr'><strong>indago</strong></span> <span class='ocrx_word' id='word_1_319' title='bbox 1275 3682 1377 3736; x_wconf 74' lang='lat' dir='ltr'><strong>edocere</strong></span> 
     </span>
     <span class='ocr_line' id='line_1_35' title="bbox 157 3755 1375 3846; baseline 0.003 -19"><span class='ocrx_word' id='word_1_320' title='bbox 157 3777 306 3843; x_wconf 87' lang='lat' dir='ltr'><strong>praevalet;</strong></span> <span class='ocrx_word' id='word_1_321' title='bbox 321 3755 411 3831; x_wconf 81' lang='lat' dir='ltr'><strong>tamen</strong></span> <span class='ocrx_word' id='word_1_322' title='bbox 422 3776 489 3829; x_wconf 92' lang='lat' dir='ltr'><strong>illud</strong></span> <span class='ocrx_word' id='word_1_323' title='bbox 502 3777 575 3842; x_wconf 93' lang='lat' dir='ltr'><strong>quod</strong></span> <span class='ocrx_word' id='word_1_324' title='bbox 588 3783 736 3844; x_wconf 81' lang='lat' dir='ltr'><strong>exegerunt</strong></span> <span class='ocrx_word' id='word_1_325' title='bbox 748 3791 816 3844; x_wconf 93' lang='lat' dir='ltr'><strong>opus</strong></span> <span class='ocrx_word' id='word_1_326' title='bbox 828 3778 908 3831; x_wconf 84' lang='lat' dir='ltr'><strong>cilicii</strong></span> <span class='ocrx_word' id='word_1_327' title='bbox 921 3778 969 3831; x_wconf 91' lang='lat' dir='ltr'><strong>dat</strong></span> <span class='ocrx_word' id='word_1_328' title='bbox 980 3787 1159 3845; x_wconf 80' lang='lat' dir='ltr'><strong>augmentum</strong></span> <span class='ocrx_word' id='word_1_329' title='bbox 1172 3788 1201 3832; x_wconf 90' lang='lat' dir='ltr'><strong>et</strong></span> <span class='ocrx_word' id='word_1_330' title='bbox 1213 3789 1329 3846; x_wconf 84' lang='lat' dir='ltr'><strong>praestat</strong></span> <span class='ocrx_word' id='word_1_331' title='bbox 1338 3791 1375 3831; x_wconf 85' lang='lat' dir='ltr'><strong>no-</strong></span> 
     </span>
     <span class='ocr_line' id='line_1_36' title="bbox 156 3872 1408 3944; baseline 0 -17"><span class='ocrx_word' id='word_1_332' title='bbox 156 3877 243 3929; x_wconf 89' lang='lat' dir='ltr'><strong>titiam</strong></span> <span class='ocrx_word' id='word_1_333' title='bbox 262 3876 499 3942; x_wconf 78' lang='lat' dir='ltr'><strong>investigantibus.</strong></span> <span class='ocrx_word' id='word_1_334' title='bbox 520 3877 641 3943; x_wconf 87' lang='lat' dir='ltr'><strong>benique</strong></span> <span class='ocrx_word' id='word_1_335' title='bbox 662 3890 724 3928; x_wconf 90' lang='lat' dir='ltr'><strong>cum</strong></span> <span class='ocrx_word' id='word_1_336' title='bbox 749 3877 782 3929; x_wconf 90' lang='lat' dir='ltr'><strong>ad</strong></span> <span class='ocrx_word' id='word_1_337' title='bbox 795 3883 900 3930; x_wconf 84' lang='lat' dir='ltr'><strong>tanturn</strong></span> <span class='ocrx_word' id='word_1_338' title='bbox 914 3876 1032 3930; x_wconf 84' lang='lat' dir='ltr'><strong>officium</strong></span> <span class='ocrx_word' id='word_1_339' title='bbox 1058 3877 1200 3944; x_wconf 73' lang='lat' dir='ltr'><strong>dignitatis</strong></span> <span class='ocrx_word' id='word_1_340' title='bbox 1229 3889 1256 3933; x_wconf 91' lang='lat' dir='ltr'><strong>et</strong></span> <span class='ocrx_word' id='word_1_341' title='bbox 1280 3872 1408 3933; x_wconf 55' lang='lat' dir='ltr'><strong>honoris}</strong></span> 
     </span>
     <span class='ocr_line' id='line_1_37' title="bbox 155 3975 1376 4043; baseline 0.002 -18"><span class='ocrx_word' id='word_1_342' title='bbox 155 3975 367 4041; x_wconf 80' lang='lat' dir='ltr'><strong>gloriosissimus</strong></span> <span class='ocrx_word' id='word_1_343' title='bbox 382 3976 490 4041; x_wconf 87' lang='lat' dir='ltr'><strong>praesul</strong></span> <span class='ocrx_word' id='word_1_344' title='bbox 503 3977 599 4028; x_wconf 90' lang='lat' dir='ltr'><strong>beatus</strong></span> <span class='ocrx_word' id='word_1_345' title='bbox 612 3977 731 4042; x_wconf 82' lang='lat' dir='ltr'><strong>ilysitius</strong></span> <span class='ocrx_word' id='word_1_346' title='bbox 743 3990 807 4030; x_wconf 91' lang='lat' dir='ltr'><strong>suos</strong></span> <span class='ocrx_word' id='word_1_347' title='bbox 819 3978 980 4042; x_wconf 83' lang='lat' dir='ltr'><strong>proveheret</strong></span> <span class='ocrx_word' id='word_1_348' title='bbox 993 3975 1072 4043; x_wconf 83' lang='lat' dir='ltr'><strong>ulios,</strong></span> <span class='ocrx_word' id='word_1_349' title='bbox 1086 3977 1271 4032; x_wconf 86' lang='lat' dir='ltr'><strong>nihilominus</strong></span> <span class='ocrx_word' id='word_1_350' title='bbox 1287 3980 1320 4032; x_wconf 89' lang='lat' dir='ltr'><strong>de</strong></span> <span class='ocrx_word' id='word_1_351' title='bbox 1332 3977 1376 4029; x_wconf 85' lang='lat' dir='ltr'><strong>filia</strong></span> 
     </span>
     <span class='ocr_line' id='line_1_38' title="bbox 157 4080 440 4138; baseline 0.011 -15"><span class='ocrx_word' id='word_1_352' title='bbox 157 4086 204 4124; x_wconf 92' lang='lat' dir='ltr'><strong>sua</strong></span> <span class='ocrx_word' id='word_1_353' title='bbox 218 4080 377 4138; x_wconf 85' lang='lat' dir='ltr'><strong>prosecutus</strong></span> <span class='ocrx_word' id='word_1_354' title='bbox 390 4080 440 4128; x_wconf 91' lang='lat' dir='ltr'><strong>est.</strong></span> 
     </span>
    </p>

    <p class='ocr_par' dir='ltr' id='par_1_9' title="bbox 156 4172 1406 4652">
     <span class='ocr_line' id='line_1_39' title="bbox 193 4172 1376 4244; baseline 0 -21"><span class='ocrx_word' id='word_1_355' title='bbox 193 4173 301 4225; x_wconf 84' lang='lat' dir='ltr'><strong>Lectio</strong></span> <span class='ocrx_word' id='word_1_356' title='bbox 313 4176 367 4226; x_wconf 87' lang='lat' dir='ltr'><strong>VI.</strong></span> <span class='ocrx_word' id='word_1_357' title='bbox 381 4178 447 4226; x_wconf 76' lang='lat' dir='ltr'><strong>llum</strong></span> <span class='ocrx_word' id='word_1_358' title='bbox 459 4187 524 4240; x_wconf 79' lang='lat' dir='ltr'><strong>erqo</strong></span> <span class='ocrx_word' id='word_1_359' title='bbox 537 4172 628 4226; x_wconf 89' lang='lat' dir='ltr'><strong>adbuc</strong></span> <span class='ocrx_word' id='word_1_360' title='bbox 640 4176 691 4228; x_wconf 93' lang='lat' dir='ltr'><strong>sub</strong></span> <span class='ocrx_word' id='word_1_361' title='bbox 711 4174 832 4226; x_wconf 87' lang='lat' dir='ltr'><strong>triennio</strong></span> <span class='ocrx_word' id='word_1_362' title='bbox 844 4175 965 4227; x_wconf 90' lang='lat' dir='ltr'><strong>aleretur</strong></span> <span class='ocrx_word' id='word_1_363' title='bbox 986 4188 1071 4240; x_wconf 84' lang='lat' dir='ltr'><strong>anno,</strong></span> <span class='ocrx_word' id='word_1_364' title='bbox 1085 4178 1140 4229; x_wconf 84' lang='lat' dir='ltr'><strong>lieo</strong></span> <span class='ocrx_word' id='word_1_365' title='bbox 1161 4189 1225 4229; x_wconf 91' lang='lat' dir='ltr'><strong>eam</strong></span> <span class='ocrx_word' id='word_1_366' title='bbox 1245 4175 1376 4244; x_wconf 73' lang='lat' dir='ltr'><strong>assignarit</strong></span> 
     </span>
     <span class='ocr_line' id='line_1_40' title="bbox 159 4272 1376 4340; baseline 0.004 -18"><span class='ocrx_word' id='word_1_367' title='bbox 159 4272 187 4323; x_wconf 92' lang='lat' dir='ltr'><strong>in</strong></span> <span class='ocrx_word' id='word_1_368' title='bbox 200 4274 399 4326; x_wconf 88' lang='lat' dir='ltr'><strong>sanctimoniali</strong></span> <span class='ocrx_word' id='word_1_369' title='bbox 412 4275 605 4328; x_wconf 86' lang='lat' dir='ltr'><strong>contubernio.</strong></span> <span class='ocrx_word' id='word_1_370' title='bbox 617 4277 653 4325; x_wconf 85' lang='lat' dir='ltr'><strong>lle</strong></span> <span class='ocrx_word' id='word_1_371' title='bbox 666 4275 748 4326; x_wconf 87' lang='lat' dir='ltr'><strong>rebus</strong></span> <span class='ocrx_word' id='word_1_372' title='bbox 760 4288 825 4327; x_wconf 91' lang='lat' dir='ltr'><strong>vero</strong></span> <span class='ocrx_word' id='word_1_373' title='bbox 839 4275 958 4340; x_wconf 90' lang='lat' dir='ltr'><strong>propriis</strong></span> <span class='ocrx_word' id='word_1_374' title='bbox 970 4276 1169 4328; x_wconf 87' lang='lat' dir='ltr'><strong>monasterium</strong></span> <span class='ocrx_word' id='word_1_375' title='bbox 1188 4277 1308 4330; x_wconf 88' lang='lat' dir='ltr'><strong>mirabili</strong></span> <span class='ocrx_word' id='word_1_376' title='bbox 1324 4287 1376 4327; x_wconf 85' lang='lat' dir='ltr'><strong>eoa·</strong></span> 
     </span>
     <span class='ocr_line' id='line_1_41' title="bbox 156 4364 1406 4441; baseline 0.002 -18"><span class='ocrx_word' id='word_1_377' title='bbox 156 4373 261 4437; x_wconf 77' lang='lat' dir='ltr'><strong>iectura</strong></span> <span class='ocrx_word' id='word_1_378' title='bbox 275 4374 303 4424; x_wconf 91' lang='lat' dir='ltr'><strong>in</strong></span> <span class='ocrx_word' id='word_1_379' title='bbox 317 4375 421 4426; x_wconf 87' lang='lat' dir='ltr'><strong>bonore</strong></span> <span class='ocrx_word' id='word_1_380' title='bbox 430 4374 648 4426; x_wconf 89' lang='lat' dir='ltr'><strong>beatissimorum</strong></span> <span class='ocrx_word' id='word_1_381' title='bbox 663 4380 810 4440; x_wconf 81' lang='lat' dir='ltr'><strong>martyrum</strong></span> <span class='ocrx_word' id='word_1_382' title='bbox 829 4374 949 4428; x_wconf 86' lang='lat' dir='ltr'><strong>Gervasil</strong></span> <span class='ocrx_word' id='word_1_383' title='bbox 968 4378 995 4426; x_wconf 90' lang='lat' dir='ltr'><strong>et</strong></span> <span class='ocrx_word' id='word_1_384' title='bbox 1015 4375 1129 4427; x_wconf 82' lang='lat' dir='ltr'><strong>Protasii</strong></span> <span class='ocrx_word' id='word_1_385' title='bbox 1142 4384 1257 4441; x_wconf 90' lang='lat' dir='ltr'><strong>propter</strong></span> <span class='ocrx_word' id='word_1_386' title='bbox 1273 4364 1406 4428; x_wconf 64' lang='lat' dir='ltr'><strong>amoena!</strong></span> 
     </span>
     <span class='ocr_line' id='line_1_42' title="bbox 159 4472 1374 4544; baseline 0.003 -22"><span class='ocrx_word' id='word_1_387' title='bbox 159 4472 274 4524; x_wconf 83' lang='lat' dir='ltr'><strong>civitatis</strong></span> <span class='ocrx_word' id='word_1_388' title='bbox 286 4475 454 4538; x_wconf 78' lang='lat' dir='ltr'><strong>construxit3</strong></span> <span class='ocrx_word' id='word_1_389' title='bbox 470 4474 497 4524; x_wconf 95' lang='lat' dir='ltr'><strong>in</strong></span> <span class='ocrx_word' id='word_1_390' title='bbox 510 4486 566 4540; x_wconf 90' lang='lat' dir='ltr'><strong>quo</strong></span> <span class='ocrx_word' id='word_1_391' title='bbox 579 4472 669 4525; x_wconf 90' lang='lat' dir='ltr'><strong>studio</strong></span> <span class='ocrx_word' id='word_1_392' title='bbox 682 4472 875 4525; x_wconf 86' lang='lat' dir='ltr'><strong>sollicitudinis</strong></span> <span class='ocrx_word' id='word_1_393' title='bbox 888 4481 998 4526; x_wconf 90' lang='lat' dir='ltr'><strong>centum</strong></span> <span class='ocrx_word' id='word_1_394' title='bbox 1011 4475 1212 4541; x_wconf 73' lang='lat' dir='ltr'><strong>quinquaqinta</strong></span> <span class='ocrx_word' id='word_1_395' title='bbox 1225 4477 1339 4544; x_wconf 68' lang='lat' dir='ltr'><strong>virgines</strong></span> <span class='ocrx_word' id='word_1_396' title='bbox 1354 4472 1374 4521; x_wconf 90' lang='lat' dir='ltr'><strong>in</strong></span> 
     </span>
     <span class='ocr_line' id='line_1_43' title="bbox 160 4571 1374 4652; baseline 0.003 -32"><span class='ocrx_word' id='word_1_397' title='bbox 160 4571 298 4652; x_wconf 82' lang='lat' dir='ltr'><strong>proposito</strong></span> <span class='ocrx_word' id='word_1_398' title='bbox 311 4583 391 4622; x_wconf 87' lang='lat' dir='ltr'><strong>verae</strong></span> <span class='ocrx_word' id='word_1_399' title='bbox 404 4572 555 4623; x_wconf 90' lang='lat' dir='ltr'><strong>sanctitatis</strong></span> <span class='ocrx_word' id='word_1_400' title='bbox 566 4578 594 4623; x_wconf 89' lang='lat' dir='ltr'><strong>et</strong></span> <span class='ocrx_word' id='word_1_401' title='bbox 608 4572 749 4635; x_wconf 86' lang='lat' dir='ltr'><strong>castitatis,</strong></span> <span class='ocrx_word' id='word_1_402' title='bbox 762 4576 792 4623; x_wconf 92' lang='lat' dir='ltr'><strong>ut</strong></span> <span class='ocrx_word' id='word_1_403' title='bbox 804 4571 976 4625; x_wconf 90' lang='lat' dir='ltr'><strong>solummodo</strong></span> <span class='ocrx_word' id='word_1_404' title='bbox 989 4574 1044 4626; x_wconf 85' lang='lat' dir='ltr'><strong>lieo</strong></span> <span class='ocrx_word' id='word_1_405' title='bbox 1056 4573 1219 4638; x_wconf 80' lang='lat' dir='ltr'><strong>militarent,</strong></span> <span class='ocrx_word' id='word_1_406' title='bbox 1241 4573 1374 4627; x_wconf 86' lang='lat' dir='ltr'><strong>coustituit</strong></span> 
     </span>
    </p>
   </div>
   <div class='ocr_carea' id='block_1_3' title="bbox 0 0 1547 5498">
    <p class='ocr_par' dir='ltr' id='par_1_10' title="bbox 0 0 1547 5498">
     <span class='ocr_line' id='line_1_44' title="bbox 0 0 1547 5498; baseline 0 0"><span class='ocrx_word' id='word_1_407' title='bbox 0 0 1547 5498; x_wconf 95' lang='lat' dir='ltr'><strong> </strong></span> 
     </span>
    </p>
   </div>
  </div>
 </body>
</html>
