3076 5498
221 342 316 412 nrsn.
335 341 417 391 uxr.
438 339 555 390 naurs.
574 359 620 369 -
635 339 787 390 cernuo.
808 341 856 391 un
872 339 951 391 eon.
971 338 1063 390 imos.
1202 322 1270 390 313

23 512 197 578 sepulcrum
210 512 299 564 sancti
313 510 420 563 Martini
436 510 536 562 iterum
558 509 757 576 bajulaverunt.
782 510 903 575 benique
924 521 999 576 vero,
1022 523 1078 562 non
1100 510 1187 562 multo
1200 512 1269 574 post,

27 625 100 664 eum
111 619 192 677 pater
202 611 311 679 vigilias
324 612 413 662 noctis
427 623 583 675 supereum
605 610 633 661 iu
655 611 751 661 eadem
773 609 888 662 ecclesia
906 610 1064 663 observaret
1077 611 1124 673 [et]
1137 610 1171 661 de
1183 608 1271 661 salute

32 713 97 778 ejus
111 712 305 776 recuperanda
313 712 369 777 jam
380 710 493 762 omnino
503 706 648 771 diffideret,
657 710 758 761 nimiae
768 709 930 762 delectionis
940 708 1031 762 taedio
1040 709 1269 772 circumvallatus,

36 824 67 864 sc
79 811 174 876 sopori
186 809 272 863 dedit.
287 810 335 862 cui
348 815 458 861 sanctus
471 810 601 861 Martinus
615 822 677 860 mox
691 810 719 859 in
729 809 833 861 somnis
843 810 977 874 apparuit,
992 808 1104 860 dicens:
1119 805 1270 874 Oiufetioe

10 912 23 964 t
40 909 139 976 homo,
151 921 213 962 ectr
224 921 274 962 ute
287 911 343 960 toa
363 908 559 960 inuocatione
579 907 694 960 incitus
708 909 720 961 t
736 909 796 960 Car
816 908 858 959 ott
869 907 1049 960 sanandum
1061 907 1167 975 fitium
1182 910 1271 959 tuum

40 1010 280 1075 meirtquietes?
300 1007 460 1074 Numquid
481 1021 534 1074 epo
554 1021 622 1059 sum
645 1009 725 1059 Detts
745 1010 781 1058 ut
801 1007 906 1073 ipsum
928 1007 984 1059 tibi
1002 1006 1195 1059 restituam?
1215 1006 1272 1059 Sed

42 1121 167 1162 assume
176 1107 365 1175 parabolam
378 1121 472 1174 patum
486 1107 542 1160 tibi
553 1107 696 1161 dicturus
711 1120 789 1159 euru.
803 1107 918 1173 arripe
929 1107 989 1159 iter
1001 1109 1030 1160 et
1042 1084 1271 1160 Btitartuoratm

41 1209 242 1276 proficiscere
248 1211 369 1274 partes,
382 1208 478 1261 dmaec
490 1209 533 1260 oct
544 1208 707 1261 ecetesiam
718 1207 800 1260 beati
817 1207 966 1274 Maytorii
972 1207 1150 1273 pertineas,
1164 1207 1239 1272 qttt'a
1251 1218 1271 1258 ct

48 1306 172 1361 Domino
184 1306 415 1360 restituendum
428 1319 499 1358 euro
512 1307 658 1359 collatum
677 1306 706 1357 ei
726 1307 770 1357 est
792 1305 825 1381 tu
846 1316 984 1358 munere.
1004 1307 1061 1367 Quo
1074 1304 1176 1369 andito,
1190 1303 1271 1371 evigi-

13 1406 36 1457 d
50 1405 104 1459 lans
116 1411 205 1471 pater,
220 1417 328 1457 summo
349 1403 471 1457 diluculo
489 1405 612 1470 eiusdem
634 1404 686 1455 loci
708 1402 837 1469 episcopo
859 1415 965 1468 suoque
981 1402 1055 1455 clero
1066 1415 1137 1468 quae
1149 1414 1165 1454 a
1177 1406 1271 1454 sancto

48 1505 157 1558 lartino
167 1502 301 1556 didicerat
312 1503 426 1555 rettulit.
442 1505 493 1566 Qui
508 1503 635 1555 videlieet
648 1502 791 1568 episcopus
809 1516 872 1555 cum
886 1503 952 1554 baec
965 1508 1045 1568 captu
1056 1502 1165 1554 aurium
1180 1513 1272 1567 perce·

47 1604 136 1670 pisset,
148 1603 305 1656 exhortatus
318 1606 358 1654 est
370 1615 434 1655 eum
451 1606 490 1666 ut,
505 1602 576 1653 sicut
586 1603 753 1653 ammonitus
771 1601 869 1664 luerat,
889 1600 1055 1667 quantocius
1066 1599 1202 1653 desudare
1216 1613 1271 1653 non

47 1701 204 1766 destitisset,
217 1703 281 1769 quia
293 1703 340 1769 qui
359 1703 383 1754 ei
403 1703 535 1754 visionem
558 1701 696 1766 intulerat,
719 1701 838 1753 eundem
861 1702 889 1752 in
903 1700 1002 1753 itinere
1015 1700 1115 1753 ducem
1128 1700 1271 1752 habiturus

46 1807 123 1855 esset.
138 1803 188 1865 Qui
200 1815 306 1853 summa
328 1814 390 1854 cum
412 1801 595 1866 festinatione,
617 1814 673 1852 una
697 1814 758 1852 cum
781 1799 837 1853 lilio
858 1806 885 1853 et
907 1801 1076 1868 parentibus,
1098 1800 1180 1853 sectis
1200 1801 1272 1852 aeris

10 1896 33 1953 R
46 1901 237 1963 velaminibus,
251 1913 307 1953 non
320 1900 462 1953 declinans
476 1901 510 1952 ad
523 1899 662 1952 dexteram
672 1912 762 1966 neque
774 1899 808 1952 ad
821 1901 969 1966 sinistram,
978 1906 1084 1952 rectum
1096 1913 1177 1966 quem
1192 1913 1272 1952 num·

44 2013 126 2067 eumn
135 2006 249 2053 noverat
259 2001 405 2063 tramitem,
426 2013 520 2052 verum
543 2000 637 2063 [acsi]
663 2000 773 2064 saepius
793 2000 882 2064 ipsum
895 1999 1068 2065 frequentare
1080 1999 1176 2052 solitus
1189 2003 1270 2064 esset,

43 2098 185 2152 celerrime
197 2098 378 2164 percucurrit,
400 2097 675 2164 supradictorumque
697 2099 889 2150 Britannorum
911 2097 980 2150 fines
1001 2098 1154 2165 adgressus,
1176 2110 1264 2164 usque

43 2198 130 2250 sancti
142 2197 262 2264 Hegioni
276 2197 372 2249 limine
384 2198 509 2262 pervenit
523 2218 528 2246 :
543 2197 617 2264 quod
630 2210 686 2250 non
706 2202 747 2249 est
769 2197 882 2250 dubium
905 2198 978 2263 quia,
992 2197 1061 2249 sicut
1073 2198 1218 2263 episcopus
1230 2198 1270 2250 illi

43 2297 190 2363 indixerat,
203 2299 232 2349 in
245 2298 296 2351 boc
308 2297 462 2351 exercendo
473 2299 560 2351 sancti
574 2299 681 2351 ltartini
695 2297 870 2351 circundatus
883 2298 934 2350 luit
956 2297 1100 2363 praesidio.
1116 2297 1165 2350 Ubi
1176 2298 1272 2350 inven-

10 2396 30 2449 b
44 2400 100 2462 tus,
113 2410 163 2464 pro
175 2411 229 2464 qua
243 2410 272 2449 re
286 2398 352 2450 illuc
365 2405 478 2450 venerat
492 2398 526 2450 ab
538 2398 636 2450 abbate
648 2398 735 2463 ipsius
758 2399 890 2451 ecclesiae
902 2404 929 2450 et
941 2398 1048 2450 clericis
1061 2401 1271 2463 estpercuncta·

42 2501 95 2551 tus.
108 2498 142 2549 lt
152 2496 199 2549 ille
212 2496 343 2563 quamdiu
356 2503 383 2549 et
403 2503 505 2563 quanta
528 2511 576 2563 pro
598 2497 696 2550 eodem
716 2496 772 2550 illio
791 2511 936 2562 perpessus
948 2504 1030 2562 esset,
1044 2503 1071 2549 et
1083 2497 1222 2563 quomodo
1234 2496 1268 2549 ad

41 2601 196 2650 extremum
208 2597 305 2649 beatus
323 2597 454 2648 Martinus
476 2597 503 2648 in
526 2597 658 2649 visionem
672 2599 697 2648 ei
711 2609 846 2662 apparens
866 2596 1050 2662 praecepisset
1062 2600 1091 2649 ut
1101 2598 1172 2649 banc
1185 2596 1270 2650 eccle·

42 2695 111 2749 siam
121 2700 275 2762 expeteret,
289 2697 419 2749 omnibus
432 2695 534 2748 intulit.
549 2698 598 2760 Qui
612 2698 679 2749 haec
698 2698 850 2760 audientes,
870 2698 943 2750 hunc
956 2702 1019 2750 aute
1032 2699 1117 2763 ipsius
1130 2697 1269 2750 confesso·

42 2796 80 2848 ris
95 2797 180 2849 sancti
194 2797 314 2861 ltaglorii
328 2796 415 2850 altare
428 2796 590 2850 obtulerunt
602 2797 699 2854 lilium.
716 2803 743 2850 et
755 2804 784 2850 ut
796 2798 970 2851 devotissima
983 2799 1043 2863 eius
1053 2797 1161 2850 devotio
1172 2797 1268 2849 snbve-

10 2895 28 2945 Β
41 2896 112 2948 niret
123 2894 234 2948 infirmo
244 2896 361 2948 assiduis
375 2896 614 2950 obsecrationibus
625 2897 764 2962 deprecati
778 2903 841 2949 sunt
850 2899 1006 2950 bominum.
1015 2900 1046 2949 lu
1059 2898 1137 2962 cujus
1149 2909 1268 2962 namque

40 2992 143 3046 infirmi
155 2995 281 3060 ingressu
294 2995 409 3062 contigit
429 3003 459 3046 ut
480 2995 641 3048 letaniarum
664 2996 784 3047 secunda
806 2996 873 3048 seria
887 2996 1056 3048 sollemnitas
1070 2995 1267 3048 celebraretur.

39 3093 164 3146 Secunda
176 3100 266 3146 autem
280 3095 335 3157 die,
348 3108 411 3147 cnm
424 3096 508 3147 sacris
522 3097 665 3148 interesset
678 3097 813 3161 mysteriis
832 3096 878 3147 ubi
898 3109 996 3161 corpus
1009 3101 1035 3147 et
1045 3097 1155 3163 sanguis
1168 3096 1266 3147 Christi

40 3193 195 3256 coniicitur,
208 3194 456 3247 adstante'coram
480 3201 576 3247 saneto
594 3195 680 3246 altare
704 3196 776 3247 clero
799 3201 825 3246 et
845 3195 952 3260 plebeio
975 3196 1104 3262 tegmine,
1119 3199 1266 3261 antequam
1323 3193 1411 3246 ‘cod

40 3292 112 3344 Pau·
123 3294 249 3345 Dontt'ut'
260 3301 445 3359 peroraretur,
459 3299 609 3358 coeperunt
619 3295 704 3359 ipsius
717 3293 817 3345 intirmi
838 3295 917 3346 bases
930 3299 956 3346 et
968 3294 1076 3359 plantae
1090 3295 1267 3346 veliementer
1285 3259 1449 3313 adstantem·

10 3400 15 3428 t
39 3391 181 3444 formidari
203 3397 230 3444 et
251 3393 381 3457 paulatim
404 3406 483 3445 crura
506 3406 520 3445 a
542 3394 750 3458 posterioribus,
774 3394 875 3458 quibus
897 3394 997 3445 innexa
1024 3400 1111 3459 erant,
1136 3395 1269 3456 amoveri,

37 3503 182 3558 quousque
195 3492 300 3543 cunctis
312 3493 491 3544 cernentibus
505 3498 622 3558 utroquo
636 3492 705 3557 pede
722 3507 836 3545 sursum
860 3498 931 3545 totus
946 3495 1026 3545 ltomo
1039 3493 1177 3545 videretur
1191 3494 1268 3561 erigi.

38 3591 121 3655 cujus
137 3588 325 3642 visceralium
341 3591 445 3643 crebris
458 3604 608 3656 poenarum
630 3593 777 3643 sudoribus
790 3597 817 3643 et
829 3591 998 3645 multimodis
1013 3593 1180 3645 anxietatum
1195 3593 1270 3645 dolo·

37 3689 115 3742 ribus
127 3701 179 3741 suo
191 3689 430 3742 consolidarentur
442 3690 513 3754 loco,
527 3690 662 3742 clamabat
674 3691 785 3742 vocibus
798 3691 903 3758 magnis
918 3707 923 3741 ι
937 3691 1047 3744 Sancte
1058 3692 1201 3757 Mcptort',
1212 3704 1269 3744 cur

35 3801 86 3842 me
97 3787 163 3841 tatis
173 3788 286 3841 attidis
290 3788 461 3854 precibus?
475 3789 610 3855 Obsecro,
625 3790 720 3842 citius
741 3802 871 3842 occurre
889 3789 978 3856 mibi,
1000 3804 1040 3842 ue
1051 3791 1133 3843 mori
1145 3791 1264 3844 videar.

10 3880 122 3952 louein
135 3901 200 3939 cum
213 3899 309 3940 omnes
328 3889 376 3954 qui
399 3887 513 3940 aderant
533 3894 650 3940 stantem
670 3888 807 3953 viderunt,
830 3889 912 3955 gavisi
937 3895 1000 3941 sunt
1020 3891 1119 3956 gaudio
1133 3902 1231 3955 magno
1243 3895 1270 3941 et

34 3984 203 4041 lacrimabili
216 3984 313 4038 allecto
325 3985 549 4054 glorificaverunt
562 3990 656 4047 Derim,
671 3988 716 4054 qui
739 4001 786 4053 per
808 3990 934 4040 meritum
956 3989 1041 4040 sancti
1061 3988 1181 4052 maglorii
1195 3989 1269 4041 bunc

33 4086 149 4139 salvavit
162 4083 313 4137 infirmum.
328 4087 519 4137 incrastinum
534 4099 663 4153 namque,
682 4099 752 4152 quae
775 4087 852 4138 tertia
871 4087 929 4138 dies
941 4092 983 4139 est
994 4086 1167 4148 letaniarum,
1182 4088 1267 4152 opitu·

33 4185 110 4239 lante
123 4185 226 4250 pietate
239 4185 284 4236 liei
299 4189 390 4236 tantae
402 4185 603 4251 redintegratus
622 4192 662 4237 est
681 4186 790 4236 sanitati
808 4192 838 4237 ut
850 4187 950 4250 pariter
962 4199 1024 4238 cum
1038 4187 1166 4238 comitatu
1179 4186 1269 4252 plebis

31 4283 189 4338 earundem
203 4281 365 4335 letaniarum
387 4283 415 4334 in
437 4284 559 4346 itiinlere
580 4283 724 4335 sollemnia
746 4283 891 4336 excoleret.
915 4286 1002 4350 super
1025 4298 1106 4349 quem
1122 4286 1179 4350 jam
1203 4289 1268 4336 tunc

10 4381 176 4448 bexplctum
190 4379 299 4433 videtur
311 4381 383 4446 quod
397 4384 483 4433 vacas
495 4382 667 4448 evangelista
681 4383 714 4434 de
729 4383 847 4448 quodam
860 4396 942 4435 caeco
955 4397 969 4434 a
987 4385 1101 4436 bomine
1114 4385 1268 4436 illuminato

30 4484 67 4534 ait
79 4498 87 4534 :
98 4480 314 4545 Omrtisptebs,
324 4483 358 4531 ut
368 4480 457 4545 vidit,
466 4482 591 4532 leudem
600 4481 686 4533 dedit
695 4484 762 4534 Deo.
770 4485 799 4533 ln
812 4496 867 4547 quio
879 4482 1014 4547 siquidem
1028 4483 1085 4534 loco
1098 4482 1266 4548 aliquandiu,

28 4582 163 4635 videlicet
174 4580 338 4643 triennium,
352 4587 541 4645 conversatus,
554 4582 699 4647 utriusque
717 4581 750 4632 ab
768 4582 866 4634 abbate
882 4587 908 4633 et
921 4581 1083 4649 spiritalium
1097 4582 1264 4634 iustrumen-
