<?xml version="1.0" encoding="UTF-8"?>
<!DOCTYPE html PUBLIC "-//W3C//DTD XHTML 1.0 Transitional//EN"
    "http://www.w3.org/TR/xhtml1/DTD/xhtml1-transitional.dtd">
<html xmlns="http://www.w3.org/1999/xhtml" xml:lang="en" lang="en">
 <head>
  <title>
</title>
<meta http-equiv="Content-Type" content="text/html;charset=utf-8" />
  <meta name='ocr-system' content='tesseract 3.04.00' />
  <meta name='ocr-capabilities' content='ocr_page ocr_carea ocr_par ocr_line ocrx_word'/>
</head>
<body>
  <div class='ocr_page' id='page_1' title='image "./cataloguscodicu00manugoog_0538.png"; bbox 0 0 3076 5498; ppageno 0'>
   <div class='ocr_carea' id='block_1_1' title="bbox 380 322 1327 421">
    <p class='ocr_par' dir='ltr' id='par_1_1' title="bbox 380 322 1327 421">
     <span class='ocr_line' id='line_1_1' title="bbox 380 322 1327 421; baseline 0.003 -35"><span class='ocrx_word' id='word_1_1' title='bbox 380 336 475 386; x_wconf 79' lang='lat' dir='ltr'>amu.</span> <span class='ocrx_word' id='word_1_2' title='bbox 493 337 579 386; x_wconf 79' lang='grc'>033.</span> <span class='ocrx_word' id='word_1_3' title='bbox 599 336 713 387; x_wconf 79' lang='lat' dir='ltr'>ranis.</span> <span class='ocrx_word' id='word_1_4' title='bbox 736 356 777 365; x_wconf 94' lang='lat'>-</span> <span class='ocrx_word' id='word_1_5' title='bbox 795 336 969 388; x_wconf 79' lang='grc'>3033000.</span> <span class='ocrx_word' id='word_1_6' title='bbox 989 338 1013 387; x_wconf 91' lang='lat'>1.</span> <span class='ocrx_word' id='word_1_7' title='bbox 1242 322 1327 421; x_wconf 26' lang='lat'>,525</span> 
     </span>
    </p>
   </div>
   <div class='ocr_carea' id='block_1_2' title="bbox 130 501 1325 1138">
    <p class='ocr_par' dir='ltr' id='par_1_2' title="bbox 130 501 1325 1138">
     <span class='ocr_line' id='line_1_2' title="bbox 193 501 1325 602; baseline 0 -21"><span class='ocrx_word' id='word_1_8' title='bbox 193 504 233 581; x_wconf 79' lang='lat'>5⁰</span> <span class='ocrx_word' id='word_1_9' title='bbox 260 503 468 594; x_wconf 85' lang='lat' dir='ltr'>Quomodo</span> <span class='ocrx_word' id='word_1_10' title='bbox 494 501 782 581; x_wconf 86' lang='lat' dir='ltr'>sanctissimum</span> <span class='ocrx_word' id='word_1_11' title='bbox 810 525 953 602; x_wconf 89' lang='lat' dir='ltr'>corpus</span> <span class='ocrx_word' id='word_1_12' title='bbox 980 505 1063 602; x_wconf 87' lang='lat' dir='ltr'>ejus</span> <span class='ocrx_word' id='word_1_13' title='bbox 1094 504 1325 583; x_wconf 86' lang='lat' dir='ltr'>translatum</span> 
     </span>
     <span class='ocr_line' id='line_1_3' title="bbox 244 624 761 725; baseline 0 -22"><span class='ocrx_word' id='word_1_14' title='bbox 244 627 317 703; x_wconf 81' lang='lat' dir='ltr'>nu</span> <span class='ocrx_word' id='word_1_15' title='bbox 334 625 411 724; x_wconf 77' lang='lat' dir='ltr'>(fol.</span> <span class='ocrx_word' id='word_1_16' title='bbox 432 624 631 703; x_wconf 62' lang='grc'>0307333</span> <span class='ocrx_word' id='word_1_17' title='bbox 649 626 761 725; x_wconf 65' lang='lat' dir='ltr'>initi.</span> 
     </span>
     <span class='ocr_line' id='line_1_4' title="bbox 130 751 1325 818; baseline 0.002 -15"><span class='ocrx_word' id='word_1_18' title='bbox 130 751 175 804; x_wconf 75' lang='lat' dir='ltr'>ild.</span> <span class='ocrx_word' id='word_1_19' title='bbox 189 764 233 817; x_wconf 88' lang='lat' dir='ltr'>ap.</span> <span class='ocrx_word' id='word_1_20' title='bbox 247 751 361 811; x_wconf 83' lang='grc'>7371100,</span> <span class='ocrx_word' id='word_1_21' title='bbox 375 751 582 816; x_wconf 70' lang='grc'>7100303313,</span> <span class='ocrx_word' id='word_1_22' title='bbox 601 756 664 816; x_wconf 83' lang='lat' dir='ltr'>etc,</span> <span class='ocrx_word' id='word_1_23' title='bbox 683 757 749 803; x_wconf 88' lang='lat' dir='ltr'>tom.</span> <span class='ocrx_word' id='word_1_24' title='bbox 769 752 801 815; x_wconf 91' lang='lat' dir='ltr'>ll,</span> <span class='ocrx_word' id='word_1_25' title='bbox 821 765 846 817; x_wconf 91' lang='lat' dir='ltr'>p.</span> <span class='ocrx_word' id='word_1_26' title='bbox 860 755 908 804; x_wconf 84' lang='grc'>717</span> <span class='ocrx_word' id='word_1_27' title='bbox 926 756 995 804; x_wconf 83' lang='lat' dir='ltr'>extr.</span> <span class='ocrx_word' id='word_1_28' title='bbox 1008 751 1292 818; x_wconf 74' lang='lat' dir='ltr'>(compertumjam</span> <span class='ocrx_word' id='word_1_29' title='bbox 1304 766 1325 805; x_wconf 90' lang='lat' dir='ltr'>a</span> 
     </span>
     <span class='ocr_line' id='line_1_5' title="bbox 130 850 411 913; baseline 0 -12"><span class='ocrx_word' id='word_1_30' title='bbox 130 851 204 902; x_wconf 74' lang='lat' dir='ltr'>ultis</span> <span class='ocrx_word' id='word_1_31' title='bbox 217 850 334 913; x_wconf 86' lang='lat' dir='ltr'>otim...)</span> <span class='ocrx_word' id='word_1_32' title='bbox 347 879 357 887; x_wconf 95' lang='lat'><em>·</em></span> <span class='ocrx_word' id='word_1_33' title='bbox 369 851 411 902; x_wconf 74' lang='grc'>57.</span> 
     </span>
     <span class='ocr_line' id='line_1_6' title="bbox 193 935 1097 1049; baseline -0.002 -23"><span class='ocrx_word' id='word_1_34' title='bbox 193 950 232 1026; x_wconf 83' lang='grc' dir='ltr'>6ο</span> <span class='ocrx_word' id='word_1_35' title='bbox 257 935 451 1049; x_wconf 86' lang='lat' dir='ltr'>[Miracula</span> <span class='ocrx_word' id='word_1_36' title='bbox 470 948 658 1049; x_wconf 87' lang='lat' dir='ltr'>ejusdem]</span> <span class='ocrx_word' id='word_1_37' title='bbox 675 947 752 1044; x_wconf 83' lang='lat' dir='ltr'>(iol.</span> <span class='ocrx_word' id='word_1_38' title='bbox 772 946 862 1025; x_wconf 57' lang='lat' dir='ltr'>atis</span> <span class='ocrx_word' id='word_1_39' title='bbox 878 947 1097 1047; x_wconf 69' lang='lat' dir='ltr'>init-itii.</span> 
     </span>
     <span class='ocr_line' id='line_1_7' title="bbox 130 1072 1104 1138; baseline 0 -12"><span class='ocrx_word' id='word_1_40' title='bbox 130 1072 175 1126; x_wconf 68' lang='lat' dir='ltr'>Ed.</span> <span class='ocrx_word' id='word_1_41' title='bbox 190 1072 269 1135; x_wconf 66' lang='lat' dir='ltr'>inid„</span> <span class='ocrx_word' id='word_1_42' title='bbox 282 1087 307 1137; x_wconf 91' lang='lat' dir='ltr'>p.</span> <span class='ocrx_word' id='word_1_43' title='bbox 323 1075 371 1124; x_wconf 79' lang='grc'>757</span> <span class='ocrx_word' id='word_1_44' title='bbox 384 1073 444 1125; x_wconf 87' lang='grc'>7077.</span> <span class='ocrx_word' id='word_1_45' title='bbox 457 1072 622 1137; x_wconf 71' lang='lat' dir='ltr'>(sanitates</span> <span class='ocrx_word' id='word_1_46' title='bbox 634 1072 748 1126; x_wconf 77' lang='lat' dir='ltr'>etenim</span> <span class='ocrx_word' id='word_1_47' title='bbox 759 1072 1028 1138; x_wconf 80' lang='lat' dir='ltr'>universorum...)</span> <span class='ocrx_word' id='word_1_48' title='bbox 1040 1075 1104 1126; x_wconf 70' lang='grc'>-17,</span> 
     </span>
    </p>
   </div>
   <div class='ocr_carea' id='block_1_3' title="bbox 192 1169 1075 1273">
    <p class='ocr_par' dir='ltr' id='par_1_3' title="bbox 192 1169 1075 1273">
     <span class='ocr_line' id='line_1_8' title="bbox 192 1169 1075 1273; baseline -0.001 -25"><span class='ocrx_word' id='word_1_49' title='bbox 192 1173 232 1248; x_wconf 79' lang='lat'>7⁰</span> <span class='ocrx_word' id='word_1_50' title='bbox 258 1171 353 1273; x_wconf 82' lang='lat' dir='ltr'>[vita</span> <span class='ocrx_word' id='word_1_51' title='bbox 370 1180 525 1249; x_wconf 87' lang='lat' dir='ltr'>sanctae</span> <span class='ocrx_word' id='word_1_52' title='bbox 547 1170 738 1272; x_wconf 83' lang='lat' dir='ltr'>Brigidae]</span> <span class='ocrx_word' id='word_1_53' title='bbox 756 1171 832 1270; x_wconf 81' lang='lat' dir='ltr'>(iol.</span> <span class='ocrx_word' id='word_1_54' title='bbox 855 1169 1075 1271; x_wconf 59' lang='lat' dir='ltr'>itu-miii.</span> 
     </span>
    </p>
   </div>
   <div class='ocr_carea' id='block_1_4' title="bbox 130 1294 1324 1461">
    <p class='ocr_par' dir='ltr' id='par_1_4' title="bbox 130 1294 1324 1461">
     <span class='ocr_line' id='line_1_9' title="bbox 130 1294 1324 1363; baseline 0.001 -15"><span class='ocrx_word' id='word_1_55' title='bbox 130 1301 243 1348; x_wconf 69' lang='lat' dir='ltr'>auctore</span> <span class='ocrx_word' id='word_1_56' title='bbox 255 1307 403 1361; x_wconf 85' lang='lat' dir='ltr'>anonymo,</span> <span class='ocrx_word' id='word_1_57' title='bbox 416 1294 460 1349; x_wconf 87' lang='lat' dir='ltr'>ed.</span> <span class='ocrx_word' id='word_1_58' title='bbox 473 1295 538 1349; x_wconf 83' lang='lat' dir='ltr'>Act.</span> <span class='ocrx_word' id='word_1_59' title='bbox 550 1295 607 1359; x_wconf 84' lang='lat' dir='ltr'>SS.,</span> <span class='ocrx_word' id='word_1_60' title='bbox 619 1294 654 1347; x_wconf 90' lang='lat' dir='ltr'>ad</span> <span class='ocrx_word' id='word_1_61' title='bbox 667 1296 694 1348; x_wconf 91' lang='lat' dir='ltr'>d.</span> <span class='ocrx_word' id='word_1_62' title='bbox 710 1298 722 1346; x_wconf 94' lang='lat' dir='ltr'>l</span> <span class='ocrx_word' id='word_1_63' title='bbox 737 1296 827 1359; x_wconf 75' lang='grc'>7303,</span> <span class='ocrx_word' id='word_1_64' title='bbox 841 1300 906 1349; x_wconf 91' lang='lat' dir='ltr'>tom.</span> <span class='ocrx_word' id='word_1_65' title='bbox 920 1297 940 1363; x_wconf 92' lang='grc'>1,</span> <span class='ocrx_word' id='word_1_66' title='bbox 954 1311 981 1362; x_wconf 89' lang='lat' dir='ltr'>p.</span> <span class='ocrx_word' id='word_1_67' title='bbox 996 1298 1098 1352; x_wconf 75' lang='lat' dir='ltr'>liti-tl.</span> <span class='ocrx_word' id='word_1_68' title='bbox 1112 1295 1193 1350; x_wconf 81' lang='lat' dir='ltr'>Follis</span> <span class='ocrx_word' id='word_1_69' title='bbox 1212 1296 1324 1363; x_wconf 85' lang='lat' dir='ltr'><strong>avulsis,</strong></span> 
     </span>
     <span class='ocr_line' id='line_1_10' title="bbox 130 1393 1250 1461; baseline 0.003 -16"><span class='ocrx_word' id='word_1_70' title='bbox 130 1395 188 1446; x_wconf 86' lang='lat' dir='ltr'>tila</span> <span class='ocrx_word' id='word_1_71' title='bbox 202 1393 308 1447; x_wconf 83' lang='lat' dir='ltr'>desinit</span> <span class='ocrx_word' id='word_1_72' title='bbox 320 1395 349 1447; x_wconf 92' lang='lat' dir='ltr'>in</span> <span class='ocrx_word' id='word_1_73' title='bbox 361 1394 453 1447; x_wconf 81' lang='lat' dir='ltr'>verbis</span> <span class='ocrx_word' id='word_1_74' title='bbox 464 1395 496 1446; x_wconf 81' lang='grc'>37</span> <span class='ocrx_word' id='word_1_75' title='bbox 505 1393 666 1461; x_wconf 75' lang='lat' dir='ltr'>baptisari</span> <span class='ocrx_word' id='word_1_76' title='bbox 676 1393 784 1446; x_wconf 83' lang='lat' dir='ltr'>renuit</span> <span class='ocrx_word' id='word_1_77' title='bbox 794 1395 882 1458; x_wconf 86' lang='lat' dir='ltr'>(num.</span> <span class='ocrx_word' id='word_1_78' title='bbox 896 1399 928 1448; x_wconf 77' lang='lat'>37</span> <span class='ocrx_word' id='word_1_79' title='bbox 940 1396 1031 1458; x_wconf 67' lang='lat' dir='ltr'>exta).</span> <span class='ocrx_word' id='word_1_80' title='bbox 1045 1396 1105 1449; x_wconf 88' lang='lat' dir='ltr'>0m.</span> <span class='ocrx_word' id='word_1_81' title='bbox 1118 1409 1195 1449; x_wconf 86' lang='lat' dir='ltr'>num.</span> <span class='ocrx_word' id='word_1_82' title='bbox 1208 1398 1250 1449; x_wconf 82' lang='grc'>571.</span> 
     </span>
    </p>
   </div>
   <div class='ocr_carea' id='block_1_5' title="bbox 130 1492 1415 2889">
    <p class='ocr_par' dir='ltr' id='par_1_5' title="bbox 130 1492 1415 2363">
     <span class='ocr_line' id='line_1_11' title="bbox 192 1492 1285 1595; baseline 0.001 -24"><span class='ocrx_word' id='word_1_83' title='bbox 192 1492 233 1571; x_wconf 87' lang='lat'>8⁰</span> <span class='ocrx_word' id='word_1_84' title='bbox 256 1493 311 1570; x_wconf 82' lang='lat' dir='ltr'>lle</span> <span class='ocrx_word' id='word_1_85' title='bbox 328 1493 581 1572; x_wconf 86' lang='lat' dir='ltr'>translatione</span> <span class='ocrx_word' id='word_1_86' title='bbox 599 1493 720 1572; x_wconf 86' lang='lat' dir='ltr'>sancti</span> <span class='ocrx_word' id='word_1_87' title='bbox 740 1493 953 1572; x_wconf 84' lang='lat' dir='ltr'>Eleutherii</span> <span class='ocrx_word' id='word_1_88' title='bbox 971 1495 1048 1594; x_wconf 82' lang='lat' dir='ltr'>(fol.</span> <span class='ocrx_word' id='word_1_89' title='bbox 1070 1494 1285 1595; x_wconf 53' lang='lat' dir='ltr'>itti-altr).</span> 
     </span>
     <span class='ocr_line' id='line_1_12' title="bbox 130 1617 1325 1684; baseline 0.005 -15"><span class='ocrx_word' id='word_1_90' title='bbox 130 1618 176 1671; x_wconf 71' lang='lat' dir='ltr'>td.</span> <span class='ocrx_word' id='word_1_91' title='bbox 190 1619 326 1682; x_wconf 61' lang='grc'>310750,</span> <span class='ocrx_word' id='word_1_92' title='bbox 340 1617 373 1670; x_wconf 89' lang='lat' dir='ltr'>ad</span> <span class='ocrx_word' id='word_1_93' title='bbox 387 1617 415 1669; x_wconf 88' lang='lat' dir='ltr'>d.</span> <span class='ocrx_word' id='word_1_94' title='bbox 429 1620 461 1671; x_wconf 75' lang='lat' dir='ltr'>tt</span> <span class='ocrx_word' id='word_1_95' title='bbox 474 1619 564 1679; x_wconf 75' lang='grc'>73110,</span> <span class='ocrx_word' id='word_1_96' title='bbox 577 1623 644 1671; x_wconf 88' lang='lat' dir='ltr'>torn.</span> <span class='ocrx_word' id='word_1_97' title='bbox 664 1620 708 1682; x_wconf 90' lang='grc'>717,</span> <span class='ocrx_word' id='word_1_98' title='bbox 722 1633 747 1684; x_wconf 82' lang='grc'>0.</span> <span class='ocrx_word' id='word_1_99' title='bbox 764 1620 846 1683; x_wconf 78' lang='lat' dir='ltr'>itt-5,</span> <span class='ocrx_word' id='word_1_100' title='bbox 860 1633 938 1672; x_wconf 87' lang='lat' dir='ltr'>num.</span> <span class='ocrx_word' id='word_1_101' title='bbox 955 1622 1041 1674; x_wconf 78' lang='lat' dir='ltr'>etr-ts.</span> <span class='ocrx_word' id='word_1_102' title='bbox 1056 1621 1241 1673; x_wconf 81' lang='lat' dir='ltr'>Praemittitnr</span> <span class='ocrx_word' id='word_1_103' title='bbox 1258 1622 1325 1675; x_wconf 83' lang='lat' dir='ltr'>naec</span> 
     </span>
     <span class='ocr_line' id='line_1_13' title="bbox 130 1717 1325 1797; baseline 0.003 -28"><span class='ocrx_word' id='word_1_104' title='bbox 130 1719 202 1769; x_wconf 88' lang='lat' dir='ltr'>·asis</span> <span class='ocrx_word' id='word_1_105' title='bbox 216 1733 222 1769; x_wconf 94' lang='lat'><strong>:</strong></span> <span class='ocrx_word' id='word_1_106' title='bbox 236 1717 341 1782; x_wconf 81' lang='lat' dir='ltr'>Ipitur</span> <span class='ocrx_word' id='word_1_107' title='bbox 359 1717 521 1783; x_wconf 74' lang='lat' dir='ltr'>episcopua</span> <span class='ocrx_word' id='word_1_108' title='bbox 542 1717 674 1797; x_wconf 78' lang='lat' dir='ltr'>Heidito,</span> <span class='ocrx_word' id='word_1_109' title='bbox 694 1717 868 1771; x_wconf 79' lang='lat' dir='ltr'>convocatis</span> <span class='ocrx_word' id='word_1_110' title='bbox 888 1718 1052 1787; x_wconf 78' lang='lat' dir='ltr'>episcopis,</span> <span class='ocrx_word' id='word_1_111' title='bbox 1072 1719 1244 1773; x_wconf 79' lang='lat' dir='ltr'>missarum</span> <span class='ocrx_word' id='word_1_112' title='bbox 1266 1719 1325 1774; x_wconf 84' lang='grc'>301·</span> 
     </span>
     <span class='ocr_line' id='line_1_14' title="bbox 130 1814 1326 1882; baseline 0.003 -15"><span class='ocrx_word' id='word_1_113' title='bbox 130 1815 210 1868; x_wconf 70' lang='grc'>3013</span> <span class='ocrx_word' id='word_1_114' title='bbox 223 1814 445 1882; x_wconf 75' lang='lat' dir='ltr'>frequentavit,</span> <span class='ocrx_word' id='word_1_115' title='bbox 459 1814 572 1867; x_wconf 79' lang='grc'>31370373</span> <span class='ocrx_word' id='word_1_116' title='bbox 590 1827 703 1881; x_wconf 78' lang='lat' dir='ltr'>eorpus</span> <span class='ocrx_word' id='word_1_117' title='bbox 720 1816 824 1869; x_wconf 80' lang='lat' dir='ltr'>sancti</span> <span class='ocrx_word' id='word_1_118' title='bbox 841 1816 1015 1870; x_wconf 79' lang='lat' dir='ltr'>Eleutherii</span> <span class='ocrx_word' id='word_1_119' title='bbox 1025 1818 1160 1871; x_wconf 82' lang='grc'>37330371</span> <span class='ocrx_word' id='word_1_120' title='bbox 1169 1821 1200 1871; x_wconf 87' lang='lat' dir='ltr'>et</span> <span class='ocrx_word' id='word_1_121' title='bbox 1211 1818 1247 1870; x_wconf 81' lang='lat' dir='ltr'>in</span> <span class='ocrx_word' id='word_1_122' title='bbox 1261 1818 1326 1871; x_wconf 85' lang='lat' dir='ltr'>loco</span> 
     </span>
     <span class='ocr_line' id='line_1_15' title="bbox 130 1912 1326 1980; baseline 0.003 -15"><span class='ocrx_word' id='word_1_123' title='bbox 130 1913 245 1980; x_wconf 76' lang='grc'>3317300</span> <span class='ocrx_word' id='word_1_124' title='bbox 266 1912 436 1980; x_wconf 61' lang='grc'>1700037503</span> <span class='ocrx_word' id='word_1_125' title='bbox 454 1912 607 1979; x_wconf 76' lang='lat' dir='ltr'><strong><em>sepelivit.</em></strong></span> <span class='ocrx_word' id='word_1_126' title='bbox 626 1915 657 1964; x_wconf 93' lang='lat' dir='ltr'>ln</span> <span class='ocrx_word' id='word_1_127' title='bbox 677 1912 731 1965; x_wconf 85' lang='lat' dir='ltr'>line</span> <span class='ocrx_word' id='word_1_128' title='bbox 748 1913 919 1980; x_wconf 83' lang='lat' dir='ltr'>aliquantum</span> <span class='ocrx_word' id='word_1_129' title='bbox 938 1916 1064 1968; x_wconf 87' lang='lat' dir='ltr'>turbatus</span> <span class='ocrx_word' id='word_1_130' title='bbox 1086 1923 1127 1969; x_wconf 92' lang='lat' dir='ltr'>est</span> <span class='ocrx_word' id='word_1_131' title='bbox 1148 1928 1326 1969; x_wconf 88' lang='lat' dir='ltr'>numerorum</span> 
     </span>
     <span class='ocr_line' id='line_1_16' title="bbox 133 2011 1324 2082; baseline 0.003 -17"><span class='ocrx_word' id='word_1_132' title='bbox 133 2026 164 2065; x_wconf 88' lang='grc' dir='ltr'>ο</span> <span class='ocrx_word' id='word_1_133' title='bbox 177 2020 203 2065; x_wconf 87' lang='grc'>37</span> <span class='ocrx_word' id='word_1_134' title='bbox 215 2026 270 2067; x_wconf 92' lang='lat' dir='ltr'>om.</span> <span class='ocrx_word' id='word_1_135' title='bbox 293 2011 495 2065; x_wconf 72' lang='grc'>0070177530</span> <span class='ocrx_word' id='word_1_136' title='bbox 516 2018 542 2065; x_wconf 88' lang='lat' dir='ltr'>et</span> <span class='ocrx_word' id='word_1_137' title='bbox 562 2026 611 2078; x_wconf 90' lang='lat' dir='ltr'>pro</span> <span class='ocrx_word' id='word_1_138' title='bbox 625 2013 721 2066; x_wconf 86' lang='lat' dir='ltr'>ultima</span> <span class='ocrx_word' id='word_1_139' title='bbox 742 2014 832 2078; x_wconf 81' lang='lat' dir='ltr'>phrasi</span> <span class='ocrx_word' id='word_1_140' title='bbox 854 2027 931 2068; x_wconf 90' lang='lat' dir='ltr'>num.</span> <span class='ocrx_word' id='word_1_141' title='bbox 945 2014 1038 2082; x_wconf 75' lang='grc'>77110</span> <span class='ocrx_word' id='word_1_142' title='bbox 1059 2015 1131 2082; x_wconf 71' lang='grc'>7330</span> <span class='ocrx_word' id='word_1_143' title='bbox 1152 2018 1260 2069; x_wconf 82' lang='lat' dir='ltr'>autem</span> <span class='ocrx_word' id='word_1_144' title='bbox 1272 2016 1324 2068; x_wconf 82' lang='lat' dir='ltr'>die</span> 
     </span>
     <span class='ocr_line' id='line_1_17' title="bbox 130 2111 1326 2179; baseline 0.007 -20"><span class='ocrx_word' id='word_1_145' title='bbox 130 2123 161 2162; x_wconf 74' lang='grc'>3.</span> <span class='ocrx_word' id='word_1_146' title='bbox 173 2112 269 2178; x_wconf 72' lang='lat' dir='ltr'>ceap.)</span> <span class='ocrx_word' id='word_1_147' title='bbox 281 2112 381 2179; x_wconf 86' lang='grc'>1337703</span> <span class='ocrx_word' id='word_1_148' title='bbox 393 2112 421 2164; x_wconf 90' lang='grc'>70</span> <span class='ocrx_word' id='word_1_149' title='bbox 433 2112 492 2164; x_wconf 89' lang='lat' dir='ltr'>cod.</span> <span class='ocrx_word' id='word_1_150' title='bbox 512 2112 597 2166; x_wconf 80' lang='lat' dir='ltr'>Tunc</span> <span class='ocrx_word' id='word_1_151' title='bbox 608 2111 820 2165; x_wconf 79' lang='lat' dir='ltr'>memorabilis</span> <span class='ocrx_word' id='word_1_152' title='bbox 828 2114 923 2178; x_wconf 84' lang='lat' dir='ltr'>pater</span> <span class='ocrx_word' id='word_1_153' title='bbox 935 2116 1040 2168; x_wconf 77' lang='lat' dir='ltr'>noster</span> <span class='ocrx_word' id='word_1_154' title='bbox 1051 2113 1101 2166; x_wconf 82' lang='lat' dir='ltr'>cir</span> <span class='ocrx_word' id='word_1_155' title='bbox 1119 2114 1176 2167; x_wconf 63' lang='lat' dir='ltr'>Dm</span> <span class='ocrx_word' id='word_1_156' title='bbox 1186 2112 1326 2167; x_wconf 78' lang='lat' dir='ltr'>Eleuthe-</span> 
     </span>
     <span class='ocr_line' id='line_1_18' title="bbox 130 2211 1326 2280; baseline 0.007 -21"><span class='ocrx_word' id='word_1_157' title='bbox 130 2224 176 2278; x_wconf 75' lang='lat' dir='ltr'>:s,</span> <span class='ocrx_word' id='word_1_158' title='bbox 186 2215 220 2263; x_wconf 86' lang='lat' dir='ltr'>ut</span> <span class='ocrx_word' id='word_1_159' title='bbox 231 2215 302 2265; x_wconf 83' lang='lat' dir='ltr'>erat</span> <span class='ocrx_word' id='word_1_160' title='bbox 314 2223 451 2278; x_wconf 75' lang='lat' dir='ltr'>mappae</span> <span class='ocrx_word' id='word_1_161' title='bbox 461 2211 697 2265; x_wconf 66' lang='lat' dir='ltr'><strong><em>misericordiae</em></strong></span> <span class='ocrx_word' id='word_1_162' title='bbox 707 2213 737 2264; x_wconf 85' lang='lat' dir='ltr'>et</span> <span class='ocrx_word' id='word_1_163' title='bbox 744 2211 886 2278; x_wconf 74' lang='lat' dir='ltr'>pietatis,</span> <span class='ocrx_word' id='word_1_164' title='bbox 898 2212 965 2265; x_wconf 82' lang='lat' dir='ltr'>illie</span> <span class='ocrx_word' id='word_1_165' title='bbox 974 2212 1099 2278; x_wconf 72' lang='grc'>3130303</span> <span class='ocrx_word' id='word_1_166' title='bbox 1110 2212 1326 2280; x_wconf 77' lang='lat' dir='ltr'>indulpentiae</span> 
     </span>
     <span class='ocr_line' id='line_1_19' title="bbox 130 2293 1415 2363; baseline 0.002 0"><span class='ocrx_word' id='word_1_167' title='bbox 130 2311 240 2363; x_wconf 68' lang='grc'>3330.</span> <span class='ocrx_word' id='word_1_168' title='bbox 1410 2293 1415 2300; x_wconf 83' lang='grc'><em>’</em></span> 
     </span>
    </p>

    <p class='ocr_par' dir='ltr' id='par_1_6' title="bbox 130 2399 1329 2889">
     <span class='ocr_line' id='line_1_20' title="bbox 197 2399 1249 2504; baseline 0.003 -28"><span class='ocrx_word' id='word_1_169' title='bbox 197 2399 235 2476; x_wconf 81' lang='grc' dir='ltr'>9ο</span> <span class='ocrx_word' id='word_1_170' title='bbox 261 2399 328 2502; x_wconf 84' lang='lat' dir='ltr'>[De</span> <span class='ocrx_word' id='word_1_171' title='bbox 345 2400 598 2478; x_wconf 85' lang='lat' dir='ltr'>translatione</span> <span class='ocrx_word' id='word_1_172' title='bbox 615 2400 737 2478; x_wconf 86' lang='lat' dir='ltr'>sancii</span> <span class='ocrx_word' id='word_1_173' title='bbox 755 2399 916 2497; x_wconf 79' lang='lat' dir='ltr'>Nicolail</span> <span class='ocrx_word' id='word_1_174' title='bbox 932 2400 1009 2497; x_wconf 83' lang='lat' dir='ltr'>(iol.</span> <span class='ocrx_word' id='word_1_175' title='bbox 1030 2400 1121 2478; x_wconf 69' lang='lat' dir='ltr'>llllv</span> <span class='ocrx_word' id='word_1_176' title='bbox 1138 2402 1249 2504; x_wconf 70' lang='lat' dir='ltr'>sqql.</span> 
     </span>
     <span class='ocr_line' id='line_1_21' title="bbox 130 2520 1326 2592; baseline 0.006 -18"><span class='ocrx_word' id='word_1_177' title='bbox 130 2520 180 2574; x_wconf 71' lang='lat' dir='ltr'>id.</span> <span class='ocrx_word' id='word_1_178' title='bbox 194 2537 229 2576; x_wconf 89' lang='lat' dir='ltr'>ex</span> <span class='ocrx_word' id='word_1_179' title='bbox 252 2524 314 2578; x_wconf 89' lang='lat' dir='ltr'>cod.</span> <span class='ocrx_word' id='word_1_180' title='bbox 333 2523 453 2577; x_wconf 87' lang='lat' dir='ltr'>Gandav.</span> <span class='ocrx_word' id='word_1_181' title='bbox 473 2526 532 2587; x_wconf 71' lang='grc'>7811,</span> <span class='ocrx_word' id='word_1_182' title='bbox 550 2524 642 2578; x_wconf 77' lang='lat' dir='ltr'>Aeol.</span> <span class='ocrx_word' id='word_1_183' title='bbox 661 2525 752 2589; x_wconf 70' lang='lat' dir='ltr'>Boii,</span> <span class='ocrx_word' id='word_1_184' title='bbox 772 2529 837 2577; x_wconf 89' lang='lat' dir='ltr'>tom.</span> <span class='ocrx_word' id='word_1_185' title='bbox 858 2527 889 2576; x_wconf 89' lang='lat' dir='ltr'>lv</span> <span class='ocrx_word' id='word_1_186' title='bbox 901 2526 996 2591; x_wconf 82' lang='grc'>(1885),</span> <span class='ocrx_word' id='word_1_187' title='bbox 1007 2541 1035 2592; x_wconf 89' lang='lat' dir='ltr'>p.</span> <span class='ocrx_word' id='word_1_188' title='bbox 1050 2528 1152 2589; x_wconf 77' lang='lat' dir='ltr'>lto-92,</span> <span class='ocrx_word' id='word_1_189' title='bbox 1165 2540 1242 2580; x_wconf 90' lang='lat' dir='ltr'>num.</span> <span class='ocrx_word' id='word_1_190' title='bbox 1256 2529 1326 2581; x_wconf 83' lang='grc'>5-75.</span> 
     </span>
     <span class='ocr_line' id='line_1_22' title="bbox 130 2623 1329 2693; baseline 0.005 -18"><span class='ocrx_word' id='word_1_191' title='bbox 130 2631 187 2675; x_wconf 82' lang='lat' dir='ltr'>lm.</span> <span class='ocrx_word' id='word_1_192' title='bbox 199 2637 304 2677; x_wconf 90' lang='lat' dir='ltr'>numm.</span> <span class='ocrx_word' id='word_1_193' title='bbox 317 2627 334 2676; x_wconf 86' lang='lat'>8</span> <span class='ocrx_word' id='word_1_194' title='bbox 346 2630 415 2677; x_wconf 84' lang='lat' dir='ltr'>extr.</span> <span class='ocrx_word' id='word_1_195' title='bbox 428 2623 504 2689; x_wconf 80' lang='lat' dir='ltr'>(dlii</span> <span class='ocrx_word' id='word_1_196' title='bbox 520 2626 625 2677; x_wconf 84' lang='lat' dir='ltr'>autem</span> <span class='ocrx_word' id='word_1_197' title='bbox 642 2623 692 2676; x_wconf 77' lang='grc'>073</span> <span class='ocrx_word' id='word_1_198' title='bbox 702 2636 763 2691; x_wconf 83' lang='lat' dir='ltr'>per</span> <span class='ocrx_word' id='word_1_199' title='bbox 783 2624 934 2690; x_wconf 82' lang='lat' dir='ltr'>omnia...)</span> <span class='ocrx_word' id='word_1_200' title='bbox 946 2652 955 2664; x_wconf 92' lang='lat'><strong>·</strong></span> <span class='ocrx_word' id='word_1_201' title='bbox 968 2628 1008 2690; x_wconf 92' lang='grc'>71,</span> <span class='ocrx_word' id='word_1_202' title='bbox 1021 2626 1116 2678; x_wconf 86' lang='lat' dir='ltr'>ultima</span> <span class='ocrx_word' id='word_1_203' title='bbox 1129 2639 1193 2693; x_wconf 86' lang='lat' dir='ltr'>pars</span> <span class='ocrx_word' id='word_1_204' title='bbox 1205 2641 1282 2680; x_wconf 89' lang='lat' dir='ltr'>num.</span> <span class='ocrx_word' id='word_1_205' title='bbox 1297 2631 1329 2681; x_wconf 80' lang='lat' dir='ltr'>it</span> 
     </span>
     <span class='ocr_line' id='line_1_23' title="bbox 130 2715 1326 2792; baseline 0.004 -19"><span class='ocrx_word' id='word_1_206' title='bbox 130 2715 177 2773; x_wconf 73' lang='lat' dir='ltr'>&#39;tin</span> <span class='ocrx_word' id='word_1_207' title='bbox 196 2722 279 2774; x_wconf 85' lang='lat' dir='ltr'>enim</span> <span class='ocrx_word' id='word_1_208' title='bbox 298 2724 369 2774; x_wconf 86' lang='lat' dir='ltr'>erat</span> <span class='ocrx_word' id='word_1_209' title='bbox 390 2722 436 2774; x_wconf 85' lang='grc'>373</span> <span class='ocrx_word' id='word_1_210' title='bbox 456 2722 587 2786; x_wconf 82' lang='lat' dir='ltr'>utile...),</span> <span class='ocrx_word' id='word_1_211' title='bbox 600 2735 695 2775; x_wconf 87' lang='lat' dir='ltr'>versus</span> <span class='ocrx_word' id='word_1_212' title='bbox 717 2723 745 2774; x_wconf 91' lang='lat' dir='ltr'>in</span> <span class='ocrx_word' id='word_1_213' title='bbox 766 2721 819 2775; x_wconf 86' lang='lat' dir='ltr'>fine</span> <span class='ocrx_word' id='word_1_214' title='bbox 840 2736 917 2775; x_wconf 90' lang='lat' dir='ltr'>num.</span> <span class='ocrx_word' id='word_1_215' title='bbox 940 2726 981 2786; x_wconf 92' lang='grc'>15,</span> <span class='ocrx_word' id='word_1_216' title='bbox 995 2729 1103 2789; x_wconf 86' lang='lat' dir='ltr'>praeter</span> <span class='ocrx_word' id='word_1_217' title='bbox 1123 2725 1193 2778; x_wconf 89' lang='lat' dir='ltr'>duos</span> <span class='ocrx_word' id='word_1_218' title='bbox 1215 2726 1326 2792; x_wconf 89' lang='lat' dir='ltr'>primos,</span> 
     </span>
     <span class='ocr_line' id='line_1_24' title="bbox 130 2822 1097 2889; baseline 0.007 -20"><span class='ocrx_word' id='word_1_219' title='bbox 130 2828 174 2874; x_wconf 88' lang='lat' dir='ltr'>m.</span> <span class='ocrx_word' id='word_1_220' title='bbox 188 2824 227 2886; x_wconf 82' lang='lat' dir='ltr'>lt,</span> <span class='ocrx_word' id='word_1_221' title='bbox 241 2835 347 2874; x_wconf 89' lang='lat' dir='ltr'>numm.</span> <span class='ocrx_word' id='word_1_222' title='bbox 361 2822 445 2887; x_wconf 72' lang='grc'>7577,</span> <span class='ocrx_word' id='word_1_223' title='bbox 459 2827 486 2873; x_wconf 87' lang='grc'>37</span> <span class='ocrx_word' id='word_1_224' title='bbox 498 2835 604 2874; x_wconf 88' lang='lat' dir='ltr'>numm.</span> <span class='ocrx_word' id='word_1_225' title='bbox 617 2824 695 2874; x_wconf 74' lang='grc'>70-71</span> <span class='ocrx_word' id='word_1_226' title='bbox 709 2827 769 2887; x_wconf 87' lang='lat' dir='ltr'>post</span> <span class='ocrx_word' id='word_1_227' title='bbox 782 2835 859 2874; x_wconf 88' lang='lat' dir='ltr'>num.</span> <span class='ocrx_word' id='word_1_228' title='bbox 871 2824 905 2874; x_wconf 82' lang='grc'>15</span> <span class='ocrx_word' id='word_1_229' title='bbox 916 2823 1011 2889; x_wconf 88' lang='lat' dir='ltr'>rejecti</span> <span class='ocrx_word' id='word_1_230' title='bbox 1023 2828 1097 2876; x_wconf 83' lang='lat' dir='ltr'>sunt.</span> 
     </span>
    </p>
   </div>
   <div class='ocr_carea' id='block_1_6' title="bbox 457 3160 973 3319">
    <p class='ocr_par' dir='ltr' id='par_1_7' title="bbox 457 3160 973 3319">
     <span class='ocr_line' id='line_1_25' title="bbox 457 3160 973 3319; baseline 0 -27"><span class='ocrx_word' id='word_1_231' title='bbox 457 3207 666 3319; x_wconf 84' lang='lat' dir='ltr'>Appendlx</span> <span class='ocrx_word' id='word_1_232' title='bbox 685 3203 736 3293; x_wconf 83' lang='lat' dir='ltr'>ed</span> <span class='ocrx_word' id='word_1_233' title='bbox 754 3206 839 3294; x_wconf 89' lang='lat' dir='ltr'>cod.</span> <span class='ocrx_word' id='word_1_234' title='bbox 867 3160 973 3294; x_wconf 50' lang='lat'>803.⁸</span> 
     </span>
    </p>
   </div>
   <div class='ocr_carea' id='block_1_7' title="bbox 168 3416 1250 3505">
    <p class='ocr_par' dir='ltr' id='par_1_8' title="bbox 168 3416 1250 3505">
     <span class='ocr_line' id='line_1_26' title="bbox 168 3416 1250 3505; baseline -0.006 -15"><span class='ocrx_word' id='word_1_235' title='bbox 168 3424 215 3491; x_wconf 81' lang='lat' dir='ltr'>Ex</span> <span class='ocrx_word' id='word_1_236' title='bbox 232 3444 311 3492; x_wconf 78' lang='lat' dir='ltr'>vira</span> <span class='ocrx_word' id='word_1_237' title='bbox 331 3426 366 3491; x_wconf 91' lang='lat' dir='ltr'>S.</span> <span class='ocrx_word' id='word_1_238' title='bbox 384 3424 523 3490; x_wconf 73' lang='lat' dir='ltr'>Maniae</span> <span class='ocrx_word' id='word_1_239' title='bbox 539 3424 777 3489; x_wconf 72' lang='lat' dir='ltr'>Maeuianum</span> <span class='ocrx_word' id='word_1_240' title='bbox 794 3421 875 3504; x_wconf 83' lang='lat' dir='ltr'>(Gir.</span> <span class='ocrx_word' id='word_1_241' title='bbox 894 3440 1007 3505; x_wconf 86' lang='lat' dir='ltr'>supra,</span> <span class='ocrx_word' id='word_1_242' title='bbox 1027 3441 1058 3504; x_wconf 89' lang='lat' dir='ltr'>p.</span> <span class='ocrx_word' id='word_1_243' title='bbox 1088 3416 1250 3505; x_wconf 32' lang='lat'><strong>524‚*3⁰).</strong></span> 
     </span>
    </p>
   </div>
   <div class='ocr_carea' id='block_1_8' title="bbox 296 3611 1141 3699">
    <p class='ocr_par' dir='ltr' id='par_1_9' title="bbox 296 3611 1141 3699">
     <span class='ocr_line' id='line_1_27' title="bbox 296 3611 1141 3699; baseline -0.005 -26"><span class='ocrx_word' id='word_1_244' title='bbox 296 3613 426 3686; x_wconf 81' lang='lat' dir='ltr'>Incipit</span> <span class='ocrx_word' id='word_1_245' title='bbox 447 3612 527 3672; x_wconf 81' lang='grc'>0773</span> <span class='ocrx_word' id='word_1_246' title='bbox 548 3615 699 3699; x_wconf 72' lang='lat' dir='ltr'>sunctae</span> <span class='ocrx_word' id='word_1_247' title='bbox 721 3611 865 3672; x_wconf 83' lang='lat' dir='ltr'>Mariae</span> <span class='ocrx_word' id='word_1_248' title='bbox 888 3611 1141 3683; x_wconf 69' lang='lat' dir='ltr'>magdalenae.</span> 
     </span>
    </p>
   </div>
   <div class='ocr_carea' id='block_1_9' title="bbox 130 3782 1330 4655">
    <p class='ocr_par' dir='ltr' id='par_1_10' title="bbox 130 3782 1330 4655">
     <span class='ocr_line' id='line_1_28' title="bbox 134 3782 1329 3857; baseline -0.008 -14"><span class='ocrx_word' id='word_1_249' title='bbox 134 3792 157 3843; x_wconf 84' lang='lat' dir='ltr'>t.</span> <span class='ocrx_word' id='word_1_250' title='bbox 171 3793 318 3857; x_wconf 81' lang='lat' dir='ltr'>Postquam</span> <span class='ocrx_word' id='word_1_251' title='bbox 331 3788 462 3842; x_wconf 89' lang='lat' dir='ltr'>llomlnus</span> <span class='ocrx_word' id='word_1_252' title='bbox 484 3794 575 3842; x_wconf 90' lang='lat' dir='ltr'>noster</span> <span class='ocrx_word' id='word_1_253' title='bbox 592 3790 672 3840; x_wconf 82' lang='lat' dir='ltr'>lesus</span> <span class='ocrx_word' id='word_1_254' title='bbox 694 3784 829 3851; x_wconf 79' lang='lat' dir='ltr'>Christus,</span> <span class='ocrx_word' id='word_1_255' title='bbox 844 3785 889 3838; x_wconf 84' lang='lat' dir='ltr'>liei</span> <span class='ocrx_word' id='word_1_256' title='bbox 903 3789 930 3838; x_wconf 90' lang='lat' dir='ltr'>et</span> <span class='ocrx_word' id='word_1_257' title='bbox 951 3784 1094 3838; x_wconf 85' lang='lat' dir='ltr'>hominum</span> <span class='ocrx_word' id='word_1_258' title='bbox 1117 3782 1261 3845; x_wconf 78' lang='lat' dir='ltr'>mediator,</span> <span class='ocrx_word' id='word_1_259' title='bbox 1279 3794 1329 3847; x_wconf 88' lang='lat' dir='ltr'>per</span> 
     </span>
     <span class='ocr_line' id='line_1_29' title="bbox 130 3880 1329 3957; baseline -0.005 -17"><span class='ocrx_word' id='word_1_260' title='bbox 130 3890 252 3943; x_wconf 85' lang='grc'>33700333</span> <span class='ocrx_word' id='word_1_261' title='bbox 264 3895 292 3942; x_wconf 86' lang='grc'>07</span> <span class='ocrx_word' id='word_1_262' title='bbox 302 3888 448 3957; x_wconf 76' lang='lat' dir='ltr'>gloriosam</span> <span class='ocrx_word' id='word_1_263' title='bbox 462 3887 691 3941; x_wconf 79' lang='lat' dir='ltr'>resurrectionem</span> <span class='ocrx_word' id='word_1_264' title='bbox 704 3898 793 3949; x_wconf 88' lang='lat' dir='ltr'>suam,</span> <span class='ocrx_word' id='word_1_265' title='bbox 806 3885 912 3937; x_wconf 86' lang='lat' dir='ltr'>devicto</span> <span class='ocrx_word' id='word_1_266' title='bbox 931 3883 1025 3937; x_wconf 88' lang='lat' dir='ltr'>mortis</span> <span class='ocrx_word' id='word_1_267' title='bbox 1041 3882 1167 3949; x_wconf 88' lang='lat' dir='ltr'>imperio,</span> <span class='ocrx_word' id='word_1_268' title='bbox 1179 3880 1329 3949; x_wconf 82' lang='grc'>3703770373</span> 
     </span>
     <span class='ocr_line' id='line_1_30' title="bbox 130 3980 1329 4053; baseline -0.008 -12"><span class='ocrx_word' id='word_1_269' title='bbox 130 3989 276 4043; x_wconf 85' lang='grc'>0030773773</span> <span class='ocrx_word' id='word_1_270' title='bbox 296 3987 457 4053; x_wconf 80' lang='lat' dir='ltr'>substantia,</span> <span class='ocrx_word' id='word_1_271' title='bbox 477 3988 511 4039; x_wconf 91' lang='lat' dir='ltr'>ad</span> <span class='ocrx_word' id='word_1_272' title='bbox 532 3986 622 4038; x_wconf 91' lang='grc'>033103</span> <span class='ocrx_word' id='word_1_273' title='bbox 646 3984 780 4049; x_wconf 85' lang='lat' dir='ltr'>ascendit,</span> <span class='ocrx_word' id='word_1_274' title='bbox 803 3984 882 4037; x_wconf 81' lang='lat' dir='ltr'>beata</span> <span class='ocrx_word' id='word_1_275' title='bbox 906 3982 988 4035; x_wconf 89' lang='lat' dir='ltr'>llaria</span> <span class='ocrx_word' id='word_1_276' title='bbox 1008 3980 1165 4048; x_wconf 78' lang='lat' dir='ltr'>tlagdalena</span> <span class='ocrx_word' id='word_1_277' title='bbox 1186 3986 1213 4033; x_wconf 88' lang='lat' dir='ltr'>et</span> <span class='ocrx_word' id='word_1_278' title='bbox 1233 3980 1329 4033; x_wconf 82' lang='lat' dir='ltr'>beatus</span> 
     </span>
     <span class='ocr_line' id='line_1_31' title="bbox 130 4078 1329 4152; baseline -0.008 -12"><span class='ocrx_word' id='word_1_279' title='bbox 130 4088 273 4148; x_wconf 74' lang='lat' dir='ltr'>ariminus,</span> <span class='ocrx_word' id='word_1_280' title='bbox 286 4099 359 4138; x_wconf 91' lang='lat' dir='ltr'>unus</span> <span class='ocrx_word' id='word_1_281' title='bbox 377 4098 411 4137; x_wconf 87' lang='lat' dir='ltr'>ex</span> <span class='ocrx_word' id='word_1_282' title='bbox 423 4084 595 4152; x_wconf 76' lang='lat' dir='ltr'>septuaginta</span> <span class='ocrx_word' id='word_1_283' title='bbox 607 4083 715 4137; x_wconf 85' lang='lat' dir='ltr'>duobus</span> <span class='ocrx_word' id='word_1_284' title='bbox 734 4081 886 4147; x_wconf 85' lang='lat' dir='ltr'>discipulis,</span> <span class='ocrx_word' id='word_1_285' title='bbox 899 4082 943 4133; x_wconf 90' lang='lat' dir='ltr'>cui</span> <span class='ocrx_word' id='word_1_286' title='bbox 956 4080 1145 4133; x_wconf 85' lang='lat' dir='ltr'>commendata</span> <span class='ocrx_word' id='word_1_287' title='bbox 1159 4078 1211 4131; x_wconf 86' lang='lat' dir='ltr'>init</span> <span class='ocrx_word' id='word_1_288' title='bbox 1222 4090 1237 4130; x_wconf 93' lang='lat' dir='ltr'>a</span> <span class='ocrx_word' id='word_1_289' title='bbox 1251 4079 1329 4130; x_wconf 81' lang='lat' dir='ltr'>beato</span> 
     </span>
     <span class='ocr_line' id='line_1_32' title="bbox 130 4179 1328 4252; baseline -0.008 -14"><span class='ocrx_word' id='word_1_290' title='bbox 130 4193 177 4240; x_wconf 73' lang='lat' dir='ltr'>etro</span> <span class='ocrx_word' id='word_1_291' title='bbox 189 4186 376 4252; x_wconf 88' lang='lat' dir='ltr'>apostolorum</span> <span class='ocrx_word' id='word_1_292' title='bbox 398 4185 533 4251; x_wconf 79' lang='lat' dir='ltr'>principe,</span> <span class='ocrx_word' id='word_1_293' title='bbox 547 4196 675 4237; x_wconf 85' lang='lat' dir='ltr'>unacum</span> <span class='ocrx_word' id='word_1_294' title='bbox 690 4180 840 4236; x_wconf 87' lang='lat' dir='ltr'>conterinis</span> <span class='ocrx_word' id='word_1_295' title='bbox 859 4181 926 4243; x_wconf 88' lang='lat' dir='ltr'>suis,</span> <span class='ocrx_word' id='word_1_296' title='bbox 939 4181 1042 4232; x_wconf 85' lang='grc'>7133770</span> <span class='ocrx_word' id='word_1_297' title='bbox 1055 4179 1159 4231; x_wconf 89' lang='lat' dir='ltr'>scilicet</span> <span class='ocrx_word' id='word_1_298' title='bbox 1180 4183 1206 4230; x_wconf 93' lang='lat' dir='ltr'>et</span> <span class='ocrx_word' id='word_1_299' title='bbox 1217 4180 1328 4243; x_wconf 84' lang='lat' dir='ltr'>Lararo,</span> 
     </span>
     <span class='ocr_line' id='line_1_33' title="bbox 134 4275 1330 4353; baseline -0.011 -13"><span class='ocrx_word' id='word_1_300' title='bbox 134 4287 183 4341; x_wconf 91' lang='lat' dir='ltr'>illo</span> <span class='ocrx_word' id='word_1_301' title='bbox 197 4286 243 4353; x_wconf 85' lang='lat' dir='ltr'>qul</span> <span class='ocrx_word' id='word_1_302' title='bbox 256 4297 355 4338; x_wconf 87' lang='lat' dir='ltr'>caecus</span> <span class='ocrx_word' id='word_1_303' title='bbox 367 4298 383 4337; x_wconf 87' lang='lat' dir='ltr'>a</span> <span class='ocrx_word' id='word_1_304' title='bbox 396 4284 537 4337; x_wconf 84' lang='lat' dir='ltr'>nativitate</span> <span class='ocrx_word' id='word_1_305' title='bbox 552 4283 637 4334; x_wconf 89' lang='lat' dir='ltr'>linitis</span> <span class='ocrx_word' id='word_1_306' title='bbox 648 4282 736 4336; x_wconf 90' lang='lat' dir='ltr'>oculis</span> <span class='ocrx_word' id='word_1_307' title='bbox 747 4284 827 4348; x_wconf 87' lang='lat' dir='ltr'>sputo</span> <span class='ocrx_word' id='word_1_308' title='bbox 839 4279 978 4332; x_wconf 87' lang='lat' dir='ltr'>dominico</span> <span class='ocrx_word' id='word_1_309' title='bbox 991 4285 1045 4331; x_wconf 88' lang='lat' dir='ltr'>tam</span> <span class='ocrx_word' id='word_1_310' title='bbox 1059 4277 1197 4330; x_wconf 90' lang='lat' dir='ltr'>interioris</span> <span class='ocrx_word' id='word_1_311' title='bbox 1210 4275 1330 4328; x_wconf 86' lang='lat' dir='ltr'>nominis</span> 
     </span>
     <span class='ocr_line' id='line_1_34' title="bbox 130 4374 1326 4447; baseline -0.011 -7"><span class='ocrx_word' id='word_1_312' title='bbox 130 4399 180 4440; x_wconf 85' lang='grc'>000</span> <span class='ocrx_word' id='word_1_313' title='bbox 202 4383 346 4437; x_wconf 85' lang='lat' dir='ltr'>exterioris</span> <span class='ocrx_word' id='word_1_314' title='bbox 366 4382 460 4436; x_wconf 87' lang='lat' dir='ltr'>lumen</span> <span class='ocrx_word' id='word_1_315' title='bbox 473 4383 585 4447; x_wconf 90' lang='lat' dir='ltr'>recepit,</span> <span class='ocrx_word' id='word_1_316' title='bbox 600 4384 626 4433; x_wconf 86' lang='lat' dir='ltr'>et</span> <span class='ocrx_word' id='word_1_317' title='bbox 637 4380 766 4446; x_wconf 86' lang='lat' dir='ltr'>llarcilla,</span> <span class='ocrx_word' id='word_1_318' title='bbox 780 4391 851 4445; x_wconf 85' lang='lat' dir='ltr'>quae</span> <span class='ocrx_word' id='word_1_319' title='bbox 863 4377 992 4444; x_wconf 84' lang='lat' dir='ltr'>loquente</span> <span class='ocrx_word' id='word_1_320' title='bbox 1011 4376 1126 4429; x_wconf 80' lang='lat' dir='ltr'>Domino</span> <span class='ocrx_word' id='word_1_321' title='bbox 1139 4379 1203 4427; x_wconf 88' lang='lat' dir='ltr'>lesu</span> <span class='ocrx_word' id='word_1_322' title='bbox 1217 4374 1252 4426; x_wconf 90' lang='lat' dir='ltr'>ad</span> <span class='ocrx_word' id='word_1_323' title='bbox 1271 4379 1326 4427; x_wconf 87' lang='lat' dir='ltr'>tur·</span> 
     </span>
     <span class='ocr_line' id='line_1_35' title="bbox 130 4472 1325 4547; baseline -0.013 -7"><span class='ocrx_word' id='word_1_324' title='bbox 130 4501 143 4540; x_wconf 82' lang='grc'>3</span> <span class='ocrx_word' id='word_1_325' title='bbox 164 4485 256 4538; x_wconf 81' lang='lat' dir='ltr'>dixit:</span> <span class='ocrx_word' id='word_1_326' title='bbox 270 4483 385 4536; x_wconf 78' lang='lat' dir='ltr'>Beatus</span> <span class='ocrx_word' id='word_1_327' title='bbox 411 4484 517 4534; x_wconf 82' lang='lat' dir='ltr'>venter</span> <span class='ocrx_word' id='word_1_328' title='bbox 529 4482 584 4547; x_wconf 83' lang='lat' dir='ltr'>qui</span> <span class='ocrx_word' id='word_1_329' title='bbox 605 4483 632 4533; x_wconf 86' lang='lat' dir='ltr'>te</span> <span class='ocrx_word' id='word_1_330' title='bbox 649 4479 801 4546; x_wconf 84' lang='lat' dir='ltr'>portavit,</span> <span class='ocrx_word' id='word_1_331' title='bbox 815 4482 878 4541; x_wconf 64' lang='lat' dir='ltr'>etc,</span> <span class='ocrx_word' id='word_1_332' title='bbox 892 4476 1030 4543; x_wconf 86' lang='lat' dir='ltr'>plerisque</span> <span class='ocrx_word' id='word_1_333' title='bbox 1047 4475 1109 4527; x_wconf 87' lang='lat' dir='ltr'>allis</span> <span class='ocrx_word' id='word_1_334' title='bbox 1120 4473 1273 4539; x_wconf 89' lang='lat' dir='ltr'>discipulis,</span> <span class='ocrx_word' id='word_1_335' title='bbox 1291 4472 1325 4526; x_wconf 89' lang='lat' dir='ltr'>ad</span> 
     </span>
     <span class='ocr_line' id='line_1_36' title="bbox 130 4571 1327 4655; baseline -0.012 -17"><span class='ocrx_word' id='word_1_336' title='bbox 130 4596 173 4638; x_wconf 83' lang='grc'>00</span> <span class='ocrx_word' id='word_1_337' title='bbox 196 4581 312 4649; x_wconf 86' lang='lat' dir='ltr'>proiecti</span> <span class='ocrx_word' id='word_1_338' title='bbox 330 4585 404 4644; x_wconf 88' lang='lat' dir='ltr'>sunt,</span> <span class='ocrx_word' id='word_1_339' title='bbox 426 4577 454 4633; x_wconf 90' lang='grc'>07</span> <span class='ocrx_word' id='word_1_340' title='bbox 473 4578 626 4632; x_wconf 78' lang='lat' dir='ltr'>naviculam</span> <span class='ocrx_word' id='word_1_341' title='bbox 652 4576 786 4643; x_wconf 87' lang='grc'>70330337,</span> <span class='ocrx_word' id='word_1_342' title='bbox 807 4575 919 4655; x_wconf 82' lang='lat' dir='ltr'>repniro</span> <span class='ocrx_word' id='word_1_343' title='bbox 939 4572 1079 4640; x_wconf 89' lang='lat' dir='ltr'>spirante,</span> <span class='ocrx_word' id='word_1_344' title='bbox 1102 4571 1207 4626; x_wconf 78' lang='lat' dir='ltr'>vernali</span> <span class='ocrx_word' id='word_1_345' title='bbox 1224 4571 1327 4639; x_wconf 88' lang='grc'>3337703</span> 
     </span>
    </p>
   </div>
   <div class='ocr_carea' id='block_1_10' title="bbox 0 0 1542 5498">
    <p class='ocr_par' dir='ltr' id='par_1_11' title="bbox 0 0 1542 5498">
     <span class='ocr_line' id='line_1_37' title="bbox 0 0 1542 5498; baseline 0 0"><span class='ocrx_word' id='word_1_346' title='bbox 0 0 1542 5498; x_wconf 95' lang='lat' dir='ltr'> </span> 
     </span>
    </p>
   </div>
  </div>
 </body>
</html>
