3076 5498
283 339 617 390 brennacensis.
638 360 678 369 —
696 338 848 388 apruno.
869 338 915 386 no
932 337 1008 388 coo.
1031 334 1120 385 rsoar.
1253 321 1319 386 289

130 519 188 560 omos
196 507 278 560 variis
288 507 424 574 lapidibus
436 509 463 559 in
476 505 600 559 mirificis
611 507 761 574 imaginum
771 477 1100 572 caelaturisinfinitaque
1110 504 1210 571 palatia
1221 487 1319 559 formo·

132 606 270 660 saedificiis
283 606 430 671 rubricata,
444 611 586 672 postquam
599 606 767 659 vidissemus
778 617 913 673 gemmam
927 606 1003 658 illam
1021 605 1247 672 pretiosissimam
1258 616 1320 656 scu-

130 705 187 758 ellam
197 707 363 760 dominicam
375 706 520 772 smaragdi,
535 706 599 759 dum
612 711 687 760 recto
699 706 808 758 tramite
820 705 969 759 moderatis
979 705 1120 772 gressibus
1138 709 1165 757 et
1184 700 1318 769 composi·

132 810 284 858 onematura
296 805 487 858 conferremus
507 818 558 858 nos
580 817 630 871 per
651 805 755 871 plateas
766 803 882 856 civitatis
904 803 999 870 ipsius,
1019 807 1046 856 et
1068 802 1097 863 in
1118 800 1208 869 platea
1219 800 1322 853 multae

130 902 255 967 citudinis,
270 905 318 957 ubi
330 905 400 958 fabri
414 918 553 958 armorum
567 901 705 957 fabricant
715 910 894 968 armamenta,
908 903 1030 955 dimissis
1051 901 1184 955 militibus
1204 905 1231 953 el
1243 900 1323 953 baro·

131 1001 179 1055 ibus
194 1005 360 1068 memoratis,
370 1018 420 1073 ego
433 1019 494 1058 cum
508 1004 583 1058 socio
596 1004 707 1057 domum
721 1015 797 1056 meae
816 1002 1007 1056 declinationis
1017 1003 1171 1068 intrassem,
1193 1000 1227 1054 ad
1248 1001 1322 1052 fene-

130 1106 169 1154 tras
179 1104 205 1155 in
216 1110 366 1170 conspectu
379 1105 486 1170 plateae
499 1105 633 1169 incipiens
646 1104 737 1156 dicere
749 1104 831 1156 horas
845 1115 930 1163 meas.
943 1103 977 1156 ad
990 1103 1068 1169 cuius
1091 1103 1205 1169 primam
1218 1100 1321 1152 instan-

130 1211 165 1251 an
185 1201 260 1255 faber
281 1203 422 1268 ferrarius,
447 1202 581 1256 cassidem
605 1203 780 1269 probaturus,
805 1202 980 1256 fortissimam
1000 1201 1133 1254 distendit
1158 1200 1285 1254 balistam
1297 1203 1324 1250 et

130 1299 218 1364 agittam
231 1315 316 1355 unam
325 1302 465 1356 destinato
478 1304 533 1356 ictu
547 1316 630 1368 super
641 1302 775 1356 cassidem
789 1303 875 1368 ipsam
889 1301 981 1367 mittit,
994 1301 1103 1354 durnin
1117 1313 1178 1354 eam
1199 1297 1323 1353 ferientis

130 1397 193 1452 culus
204 1401 309 1466 peritus
321 1407 348 1454 et
358 1402 468 1455 animus
480 1402 658 1468 consentiret,
684 1401 731 1454 sed
754 1403 934 1454 reverberans
955 1414 989 1455 ex
1009 1401 1123 1455 cassidis
1144 1399 1272 1452 firmitate
1293 1398 1323 1449 in

130 1497 300 1553 militudinem
314 1501 451 1555 dictorum
464 1502 580 1554 militum
594 1505 778 1567 retorquetur,
792 1502 865 1553 inter
877 1514 946 1567 quos
958 1499 1053 1554 aderat
1073 1512 1219 1567 germanus
1231 1502 1259 1552 ct
1270 1502 1327 1550 ute·

130 1593 177 1650 inus
188 1599 270 1652 frater
281 1601 349 1651 milri
362 1600 529 1667 carissimus,
543 1612 651 1653 mecum
664 1600 698 1653 ab
712 1599 825 1652 infantia
844 1600 989 1652 enutritus.
1011 1601 1176 1652 Praeventus
1188 1596 1271 1664 igitur
1289 1595 1324 1648 ab

130 1696 237 1762 sspiritu
248 1711 320 1764 quae
328 1703 467 1753 erattanto
477 1700 553 1752 casui
562 1700 696 1752 auxilium
704 1696 880 1765 praestitura,
889 1711 987 1752 verens
996 1698 1117 1751 futurum
1127 1697 1212 1751 utille
1219 1695 1326 1763 jaculus

130 1795 317 1856 pprebenderet
328 1797 440 1850 fratrem
453 1810 556 1864 meum,
570 1810 601 1850 ac
616 1804 736 1850 tremens
747 1809 779 1850 ac
792 1803 917 1851 metucns
929 1797 1024 1850 mortis
1044 1796 1146 1849 exinde
1166 1795 1217 1848 sibi
1233 1795 1326 1848 venire

130 1888 255 1960 immmen,
269 1894 405 1950 affluentis
415 1897 568 1951 devotionis
577 1895 675 1951 affectu
688 1901 780 1950 votum
793 1911 895 1951 vovens
909 1896 1132 1950 recommendavi
1141 1909 1204 1949 eum
1215 1900 1326 1949 nostrae

130 1988 228 2046 ilectrici
247 1995 371 2060 dilectae,
385 2002 415 2049 ut
424 2010 514 2050 euma
530 2002 617 2050 morte
630 1996 749 2063 eriperet
760 2003 788 2050 et
809 2011 824 2050 a
843 2011 886 2050 me
906 1997 1017 2051 tolleret
1038 1996 1179 2050 materiam
1199 1995 1326 2049 lacrima·

130 2092 297 2147 1n.tindein
318 2095 441 2160 instanti,
466 2095 658 2162 priusquama
681 2110 725 2149 me
746 2109 803 2149 non
824 2096 905 2150 modo
928 2096 1051 2162 nuntius
1070 2096 1118 2149 sed
1139 2108 1191 2149 nec
1211 2095 1326 2148 verbum

130 2188 229 2242 ntuisset
240 2191 400 2256 pervenisse
414 2191 449 2244 ad
468 2206 543 2256 eum,
566 2206 628 2246 cum
652 2198 745 2246 tamen
769 2193 839 2246 adeo
868 2206 957 2247 essem
976 2193 1147 2260 propinquus
1167 2191 1241 2260 quod
1262 2204 1326 2244 eum

130 2287 247 2341 otussem
258 2290 328 2342 vivis
337 2291 450 2344 vocibus
462 2291 590 2357 excitare,
603 2298 644 2344 est
656 2297 747 2345 actum
759 2299 790 2345 ut
810 2292 926 2345 emissus
946 2292 1091 2345 fusticulos
1112 2291 1209 2346 volans
1228 2293 1327 2342 retror-

130 2394 169 2451 tm,
179 2387 365 2453 completurus
376 2389 495 2456 impetus
514 2391 713 2443 velocissimum
735 2404 847 2443 cursum
867 2392 918 2456 sui,
933 2404 995 2444 cum
1020 2404 1076 2444 non
1098 2390 1194 2443 fuisset
1216 2389 1246 2441 in
1265 2387 1326 2441 loco

130 2486 232 2540 nouato
252 2487 359 2552 affixus,
381 2488 493 2542 fratrem
515 2503 605 2542 meum
628 2491 657 2543 in
678 2490 789 2544 dextera
811 2491 920 2557 proprio
941 2491 1046 2556 pectori
1069 2490 1246 2553 adhaerente,
1268 2501 1325 2543 non

130 2583 209 2650 aliquo
221 2586 269 2639 sed
283 2592 359 2641 recto
371 2589 480 2642 tramite
497 2590 621 2657 veniens
644 2591 778 2655 percussit
796 2592 856 2643 sine
877 2590 978 2643 invidia
999 2590 1151 2656 sanguinis,
1171 2589 1230 2643 solo
1248 2589 1326 2642 rubi·

130 2685 189 2739 rudo
202 2688 349 2753 sti[g]mate
361 2689 503 2752 derelicto,
528 2696 555 2743 et
576 2691 604 2743 in
625 2691 781 2754 ambesum,
795 2704 865 2757 quae
886 2691 990 2744 directo
1012 2690 1169 2749 advenerat,
1195 2703 1251 2743 non
1270 2690 1330 2743 sine

131 2795 198 2850 agno
211 2786 282 2838 miro
295 2787 342 2838 bei
355 2788 516 2854 cunctisque
528 2789 663 2854 stupendo
677 2790 809 2843 miraculo
823 2789 1007 2855 transvolavit,
1021 2788 1075 2843 lide
1084 2788 1272 2856 praeambula,
1283 2802 1330 2855 spe

132 2888 205 2935 tante
220 2885 249 2936 in
261 2884 403 2938 dilectrice
415 2886 524 2948 dilecta,
538 2901 587 2953 per
604 2902 686 2954 quam
703 2890 770 2941 haec
783 2895 811 2941 el
832 2889 886 2942 alia
908 2889 987 2955 plura
1000 2889 1028 2941 in
1042 2902 1095 2954 me,
1117 2889 1164 2955 qui
1182 2889 1243 2955 ejus
1255 2888 1331 2942 omni

130 2984 432 3048 mporesumdevotus,
446 2985 626 3053 dignatusest
641 2989 772 3041 Dominus
793 2989 917 3053 operari;
940 2993 967 3041 et
988 3002 1037 3053 pro
1058 3000 1119 3041 meo
1142 2987 1253 3041 modulo
1275 3001 1332 3041 non

130 3087 222 3148 gratus
233 3088 326 3135 votum
339 3084 413 3149 quod
426 3086 485 3137 vovi
498 3086 667 3152 integraliter
679 3086 834 3152 adimplevi.
849 3088 956 3139 intanti
970 3087 1052 3154 igitur
1062 3088 1236 3152 perceptione
1249 3087 1331 3139 bene·

133 3181 151 3230 ii
166 3181 269 3247 pariter
280 3182 475 3246 exultavimus
489 3185 589 3250 quibus
602 3184 714 3252 grandis
727 3183 803 3237 affuit
816 3199 899 3238 causa
912 3186 1030 3238 laetitiae
1053 3185 1193 3251 multaque
1216 3185 1328 3238 materia

130 3278 278 3332 :unditatis
289 3282 381 3334 evenit
392 3300 399 3347 ;
413 3286 484 3334 etex
503 3289 577 3349 tunc,
591 3285 655 3336 iicet
667 3286 796 3338 haberem
811 3297 870 3337 eam
880 3298 982 3349 caram,
1005 3285 1089 3336 immo
1100 3285 1280 3346 carissimam,
1293 3284 1328 3337 ab

130 3380 223 3443 liquo,
235 3379 274 3431 sic
287 3380 362 3432 illam
375 3381 467 3433 animo
480 3394 541 3434 meo
554 3383 691 3448 impressi,
716 3384 755 3435 sic
773 3397 817 3436 me
838 3387 924 3437 totum
937 3384 965 3435 in
984 3383 1057 3435 illius
1078 3382 1230 3447 mancipavi
1254 3381 1331 3435 obse·

130 3480 209 3543 ium,
224 3485 254 3531 ut
266 3479 352 3545 ipsius
372 3481 455 3534 verba
474 3488 500 3533 et
519 3494 603 3547 opera
623 3483 689 3534 milii
712 3483 854 3537 redoleant
874 3482 1060 3547 dulcedinem,
1073 3482 1164 3548 lingua
1185 3483 1243 3548 ejus
1261 3481 1335 3534 velut

130 3579 262 3631 fundans
270 3579 347 3632 favus
358 3581 467 3645 copiose
478 3580 617 3634 distillans
626 3581 694 3634 milri
707 3596 817 3649 semper
829 3582 922 3635 suavia
936 3581 1102 3635 documenta
1114 3581 1250 3647 propinet.

299 3783 352 3839 De
365 3778 539 3840 mmaculo
553 3781 649 3840 facto
664 3780 779 3841 actori
793 3780 831 3840 in
846 3785 997 3853 Beyano
1013 3783 1133 3852 portu.

130 3974 163 4026 Β.
180 3975 308 4037 Demum,
322 3972 379 4024 fere
389 3974 471 4024 annis
484 3977 614 4039 quattuor
623 3974 680 4026 suis
693 3973 854 4027 decursibus
872 3974 1010 4040 revolutis,
1024 3973 1152 4026 videlicet
1163 3986 1236 4026 anno
1250 3973 1336 4026 mille·

130 4086 169 4125 no
185 4072 270 4135 [ccc’]
283 4070 491 4137 quadragesimo
504 4074 601 4138 quinto
615 4073 762 4126 nativitatis
775 4073 940 4138 bominicae,
952 4059 1083 4124 kalendas
1091 4073 1209 4139 januarii
1219 4072 1336 4136 decimo,

130 4171 267 4224 dictionis
280 4175 394 4236 quartae
407 4171 540 4237 decimae,
553 4171 619 4224 dum
633 4184 648 4224 a
661 4171 762 4225 celebri
780 4173 960 4258 campagniae
980 4172 1050 4225 urbe
1061 4174 1221 4239 Pompeyos,
1235 4173 1263 4223 in
1276 4185 1337 4236 pro·

130 4272 192 4326 ndo
207 4271 316 4337 hiemis,
330 4275 437 4335 captato
450 4272 569 4337 quodam
588 4272 633 4324 die
651 4285 760 4335 sereno,
775 4285 837 4324 cum
854 4272 962 4325 duabus
979 4272 1064 4339 galeis
1084 4285 1127 4324 me
1145 4272 1295 4337 posuissem
1309 4272 1337 4322 in

130 4373 183 4434 ari,
212 4376 240 4422 et
265 4370 471 4438 navigassemus
495 4371 611 4423 feliciter
637 4370 683 4423 illa
706 4371 761 4437 die,
786 4373 870 4424 altera
894 4378 995 4436 tamen,
1020 4373 1098 4437 juxta
1122 4371 1339 4423 lferculanenses

130 4476 252 4526 lumnas
266 4472 435 4537 navigantes,
450 4470 634 4523 invalescente
651 4476 794 4523 ventorum
818 4471 893 4524 rabie
906 4471 1067 4537 procellosa,
1081 4470 1212 4523 intumuit
1229 4470 1340 4537 pelagus

144 4572 254 4625 fluctus
276 4568 413 4623 maximos
430 4569 575 4634 elevatum,
588 4575 616 4622 et
636 4583 699 4622 aera
718 4570 885 4623 obscuritate
907 4570 1030 4638 caliginis
1050 4570 1119 4623 facta
1139 4576 1203 4623 sunt
1223 4569 1338 4623 nimium

166 4680 269 4724 curav„
289 4679 379 4722 ranis.
399 4678 426 4721 r.
446 4678 483 4720 ru.
1243 4668 1274 4720 iti
