3076 5498
250 306 346 357 eren.
366 306 449 357 nar.
468 305 586 356 ranis.
605 324 649 337 -
663 304 817 355 urrann.
836 304 883 355 ao
900 305 978 356 con.
999 303 1089 356 rurs.
1242 291 1287 358 39

97 474 188 528 urnales
198 474 288 541 genuit
297 473 378 540 filios,
391 474 430 526 sic
441 473 546 526 amicus
559 473 605 526 bei
617 473 756 526 lohannes
767 485 831 525 cum
843 472 931 526 beatis
940 472 1072 539 apostolis
1083 477 1110 526 et
1121 475 1288 540 martyribus

96 573 217 639 perveteris
228 579 254 626 et
266 574 330 626 novi
342 574 508 626 Testamenti
521 573 674 625 doctrinam
688 572 716 624 in
729 577 785 625 toto
802 570 906 625 mundo
918 572 1054 638 spiritales
1074 577 1188 640 generat
1205 572 1286 642 tilios,

95 682 139 723 rom
148 675 232 740 prims
242 679 335 726 tamen
348 673 472 739 ejusdem
486 672 580 737 israel,
594 671 764 736 patriarchae
777 672 946 737 reliquorum
960 672 1188 742 patriarcharum,
1203 674 1283 739 spiri·

96 770 196 824 talitersit
210 773 266 838 ipse
287 770 370 824 tilius.
392 774 486 838 itaque
506 770 661 836 praedictus
682 772 803 836 Optatus,
825 771 961 822 Christum
982 773 1067 824 iteum
1084 785 1116 825 ac
1141 773 1285 826 bominum

72 868 185 922 lonnium
195 876 220 924 et
230 871 431 923 sanctissimum
444 871 597 922 iohannem
620 883 682 922 com
703 870 832 921 omnibus
852 870 1008 922 christianis
1029 870 1137 936 odiens,
1160 871 1289 924 universa

95 969 159 1033 hrpin
167 969 399 1036 abominandaque
412 968 507 1021 amicis
525 970 572 1021 bei
591 981 653 1021 cum
671 969 783 1034 paribus
804 969 870 1034 suis,
885 968 1013 1022 masculis
1035 974 1062 1021 et
1082 969 1202 1036 leminis,
1215 970 1288 1023 circa

93 1071 185 1120 sanctam
196 1069 353 1133 Ecclesiam,
365 1064 548 1134 imperatricis
560 1068 711 1133 patrocinio
730 1072 813 1132 tutus,
826 1067 983 1133 importune
996 1069 1169 1132 operabatur.

117 1164 1283 1234 ae.haeceasrissimusetverecunduslohannes,divinozeiosuccensus,nonterens,

93 1263 192 1319 adversus
202 1270 326 1334 optatum
339 1281 480 1321 sermones
493 1268 601 1332 publice
623 1267 747 1332 iaciebat,
769 1266 920 1320 ostendens
941 1268 1001 1335 ejus
1022 1269 1205 1334 principatum
1224 1282 1285 1322 esse

64 1360 84 1412 ll
93 1367 226 1419 miliarium
247 1369 311 1420 ileo.
326 1366 486 1433 imperatrix
499 1370 600 1430 autem,
613 1378 684 1419 uxor
697 1366 789 1419 Achab
802 1366 966 1432 stultissimi,
985 1380 1034 1431 par
1047 1366 1155 1420 lezabel
1176 1368 1290 1435 iniquis·

93 1461 278 1529 simae,andiens
290 1467 373 1519 verba
384 1466 435 1519 viri
449 1465 495 1518 Dei
508 1466 691 1532 chrysostomi
703 1467 847 1531 iohannis,
859 1470 997 1531 tamquam
1010 1467 1119 1533 proprie
1132 1466 1165 1519 ad
1179 1480 1208 1520 se
1218 1467 1289 1520 dicta

10 1600 13 1608 .
94 1565 214 1626 reputabat;
229 1570 258 1617 et
270 1567 400 1618 insistens
414 1566 511 1618 diebus
524 1570 552 1617 et
563 1564 690 1617 noctibus
711 1566 803 1617 animo
827 1566 1011 1630 imperatoris,
1032 1571 1063 1617 ut
1083 1566 1220 1618 institerat
1241 1566 1290 1618 ini·

13 1707 16 1713 ,
94 1661 193 1724 unissima
208 1664 293 1717 balila
319 1666 434 1717 Samson
458 1670 484 1716 et
504 1663 636 1716 ilerodias
654 1664 829 1729 spurcissima
851 1664 1023 1717 incestissimi
1044 1678 1076 1717 ac
1091 1665 1290 1730 superbissimi

14 1803 16 1806 .
95 1759 275 1816 iemdisanimo
288 1769 384 1817 contra
396 1764 597 1816 sanctissimum
615 1764 760 1829 baptistam
777 1765 929 1817 iohannem
944 1765 1086 1827 institerat,
1101 1764 1210 1818 dolebat
1221 1765 1286 1831 quia

10 1888 17 1921 ·.
60 1852 85 1903 -ll
95 1863 253 1915 nonerulatus
265 1868 338 1916 esset
348 1863 590 1929 eloquentissimus
600 1864 749 1914 lohannes.
765 1865 824 1928 ipsa
837 1876 901 1916 vero
914 1875 1026 1915 omnem
1039 1875 1159 1916 amorem
1171 1863 1286 1931 regium,

10 1986 19 2019 2
94 1965 177 2012 uncus
194 1962 348 2028 imperiales
368 1975 445 2027 opes,
458 1962 613 2014 universam
628 1963 746 2029 regalem
768 1962 893 2029 gloriam,
907 1962 955 2014 sed
976 1967 1004 2014 et
1015 1967 1187 2027 praesentem
1207 1963 1289 2041 vitam

94 2064 130 2115 pro
139 2059 208 2113 nihilo
221 2059 348 2128 habebat,
362 2074 512 2127 veramque
525 2060 606 2113 tidem
626 2061 679 2113 vivi
697 2066 724 2112 et
745 2061 801 2112 veri
820 2060 867 2113 Dei
886 2059 1013 2113 deserere
1034 2073 1082 2126 pro
1101 2061 1152 2113 hoc
1171 2060 1289 2114 solebat.

96 2151 218 2226 litterator,
232 2162 442 2214 scelestissimae
453 2162 538 2227 ipsius
550 2161 673 2213 mulieris
685 2173 778 2213 amore
791 2162 888 2223 victus,
907 2160 1047 2213 consensit
1065 2160 1171 2214 exulari
1191 2161 1290 2214 beatis·

10 2284 19 2310 ;.
41 2280 45 2287 ,
95 2249 335 2313 timumlohannem.
349 2263 424 2313 Tunc
437 2261 535 2312 missus
548 2262 639 2313 comes
651 2273 713 2311 cum
735 2260 876 2325 militibus,
896 2260 977 2326 ejecit
997 2273 1060 2313 eum
1080 2259 1115 2312 de
1133 2260 1248 2314 ecclesia
1261 2264 1290 2313 et

19 2392 22 2396 Α
65 2341 119 2399 ³³01
128 2356 188 2409 urbe.
201 2357 252 2421 Qui
265 2360 370 2424 ejectus
385 2359 483 2411 ductus
495 2365 536 2410 est
548 2359 576 2410 in
589 2360 734 2411 Preuetum
749 2359 888 2424 bithyniae
901 2359 952 2411 sub
963 2357 1127 2411 Nicomedia.
1141 2361 1173 2411 Et
1184 2359 1289 2413 civibus

96 2445 370 2522 ctitlstautiuopoiitanis
383 2456 498 2509 multum
512 2457 707 2510 tribulantibus
719 2471 751 2509 ex
765 2459 817 2511 hoc
830 2463 857 2510 et
869 2458 994 2510 dammae
1014 2458 1142 2511 incendio
1163 2464 1287 2527 cogente,

95 2555 298 2609 quaernbiculum
323 2557 463 2622 imperiale
484 2557 623 2620 cremavit,
646 2556 779 2609 existente
801 2557 882 2609 etiam
903 2562 1083 2611 terraemotu
1105 2562 1132 2610 et
1151 2559 1285 2625 grandine

94 2641 193 2707 immersa
205 2657 337 2717 irruente,
351 2657 450 2708 missus
462 2663 502 2709 est
515 2656 604 2709 brisso
617 2656 801 2709 cubicularius
812 2657 969 2723 palatii,qui
982 2657 1092 2709 beatum
1106 2658 1175 2710 intra
1185 2671 1287 2723 paucos

10 2776 26 2807 ,·
93 2736 296 2805 dureduoereta
310 2755 427 2805 Preneto
440 2752 475 2804 ad
486 2753 698 2805 sacratissimam
711 2751 806 2805 sedem
829 2765 916 2805 suam.
939 2754 1023 2816 Quem
1047 2753 1200 2806 brissonem
1221 2766 1286 2807 con·

10 2871 27 2892 -··
59 2830 147 2896 ⁸⁶in
156 2862 197 2913 per
208 2865 283 2904 mare
296 2853 325 2903 in
338 2854 400 2904 uavi
414 2857 573 2918 pergentem
587 2851 726 2903 innumeri
742 2851 836 2917 populi
848 2851 999 2917 gaudentes
1020 2853 1141 2904 ascensis
1164 2853 1282 2906 navibus

10 2969 20 2990 -,,
93 2941 244 3003 uuitissemri
258 2957 332 3002 suut.
348 2952 379 3002 in
401 2955 505 3002 tantum
518 2950 619 3002 multae
642 2950 754 3002 luerunt
772 2951 846 3015 ipsae
875 2963 956 3002 naves
976 2955 1007 3002 ut
1030 2964 1079 3016 per
1099 2951 1203 3018 largum
1217 2951 1284 3003 illud

91 3042 148 3094 uaris
159 3047 234 3113 ipsius
247 3049 376 3114 spatium,
390 3062 444 3115 (pro
457 3050 491 3101 ab
500 3050 569 3101 urbe
582 3049 816 3113 Constantinopoli
830 3063 918 3114 usque
931 3052 1075 3101 Prenetum
1090 3049 1220 3115 tenditur,
1242 3051 1283 3103 sic

90 3131 163 3195 denari
171 3148 196 3199 in
206 3150 295 3200 navim
306 3150 383 3214 quasi
395 3162 443 3213 per
454 3155 551 3200 terram
564 3149 644 3200 irent.
652 3150 753 3199 Euntes
761 3153 863 3212 autem,
874 3161 936 3200 cum
947 3148 1031 3200 muita
1042 3148 1122 3200 lande
1132 3150 1282 3212 ethonore,

14 3244 18 3249 '
89 3245 177 3295 arcensis
189 3248 275 3299 cereis
287 3253 316 3299 et
329 3247 500 3312 lampadibus
522 3260 571 3312 pro
594 3247 749 3298 reversione
772 3248 897 3312 pastoris,
920 3260 1001 3311 prece
1024 3248 1118 3309 nimia,
1141 3247 1281 3300 nolentem

43 3335 72 3386 dd
88 3339 338 3407 lancuredureront
351 3347 552 3398 sanctissimum
573 3348 726 3399 iohannem
747 3347 780 3396 ad
802 3347 941 3410 propriam
963 3346 1065 3397 sedem.
1089 3349 1147 3408 Quo
1162 3358 1282 3408 reverso,

84 3442 282 3504 supplicamento
296 3448 350 3497 beo
363 3445 441 3496 solita
455 3445 563 3509 pietate,
575 3444 694 3496 vindicta
706 3444 752 3495 illa
765 3446 889 3496 cessavit.
905 3445 1107 3497 postulantibus
1120 3445 1205 3496 etiam
1218 3445 1282 3497 civi·

77 3533 118 3589 bus
127 3553 178 3594 cum
187 3544 285 3611 gaudio
301 3545 414 3595 verbum
428 3543 625 3596 aedificationis
638 3545 791 3596 animarum
804 3557 837 3595 ex
849 3557 896 3596 ore
909 3546 968 3609 ejus
980 3545 1085 3609 audire,
1100 3544 1282 3610 adquiescens

73 3636 162 3692 feriter
175 3643 403 3695 tuncutsolebat.
426 3643 590 3707 Theophilus
610 3648 701 3694 autem
723 3655 785 3694 cum
808 3644 887 3696 sociis
909 3644 966 3695 suis
984 3643 1121 3710 Aegyptiis
1142 3643 1279 3709 episcopis

66 3736 157 3805 aufugit
168 3742 200 3793 ad
216 3743 325 3807 propria
337 3760 345 3807 3
359 3742 486 3794 volebant
498 3743 572 3794 enim
586 3742 702 3808 populus
720 3743 1036 3808 constantinopolitanus
1058 3756 1182 3811 mergere
1203 3742 1280 3795 illum

14 3838 175 3894 &mmm

86 3937 138 3990 86.
158 3939 288 3991 Salutaris
311 3953 376 3992 vero
395 3941 491 3992 Christi
514 3942 620 3993 bomini
642 3947 667 3992 ct
691 3943 736 3993 bei
755 3942 839 3994 nostri
862 3942 1071 3994 resurrectionis
1093 3940 1137 3993 die
1155 3940 1279 4006 paschali

50 4039 269 4104 superveniente,
283 4040 383 4091 vetitus
396 4047 436 4091 est
455 4040 489 4091 ab
502 4041 673 4105 imperatrice
686 4040 790 4106 perlida
804 4041 971 4094 orthodoxus
993 4041 1136 4093 lohannes
1148 4041 1177 4092 iu
1190 4041 1280 4093 catho-

47 4139 128 4190 licam
142 4139 181 4189 ire
192 4138 346 4200 ecclesiam,
361 4145 388 4190 et
410 4140 527 4204 perstitit
539 4141 566 4191 in
580 4141 718 4205 episcopio
730 4152 791 4192 suo.
806 4141 924 4192 Civitatis
944 4145 1036 4192 autern
1048 4139 1167 4205 populus
1181 4139 1276 4201 tristis,

45 4240 81 4290 ab
95 4237 209 4290 ecelesia
221 4245 387 4305 segregatus,
401 4252 462 4290 cum
478 4240 568 4290 multis
581 4240 715 4305 episcopis
727 4246 753 4291 et
766 4240 850 4291 multo
864 4240 937 4292 ciero
951 4241 1047 4304 ejecto,
1060 4239 1087 4289 in
1100 4238 1209 4303 publico
1223 4237 1280 4289 bal-

10 4341 25 4392 b
45 4349 114 4399 neo,
128 4337 237 4389 nomine
259 4339 495 4401 constantiniano,
509 4351 584 4390 sacra
606 4339 800 4390 concelebrare
823 4339 944 4390 cucurrit
964 4337 1100 4403 mysteria.
1115 4337 1164 4388 Ubi
1181 4348 1278 4388 couve-

42 4441 157 4489 nientes
177 4437 297 4501 episcopi
321 4443 464 4487 sacrarunt
483 4437 589 4502 altaria,
611 4442 638 4489 et
658 4451 744 4489 unum
766 4451 781 4489 e
800 4436 914 4490 lavacris
936 4436 1053 4489 fideliter
1073 4441 1276 4500 consecrantes,

41 4534 231 4587 sacratissimo
252 4535 365 4587 sabbato
378 4534 472 4587 elecem
493 4536 576 4586 millia
598 4536 737 4588 hominum
761 4537 807 4595 ibi,
821 4541 849 4588 ut
872 4537 965 4600 fertur,
979 4540 1044 4587 tunc
1064 4535 1277 4599 baptizaverunt.
