3076 5498
354 333 448 383 amn.
471 333 555 383 nar.
574 331 690 380 rums.
710 352 755 362 —
770 330 943 381 surenam.
963 331 988 379 1.
1218 309 1285 375 565

43 502 187 568 Equibus
199 502 423 569 gloriosissimam
443 504 576 571 virginem
592 502 729 568 ipsidiam
743 502 874 569 praefecit
894 500 1115 567 provisatricem3
1134 511 1166 550 ac
1184 496 1284 552 deinde

44 603 103 655 sub
125 601 239 655 obtento
262 603 365 666 tot[i]us
388 601 587 655 sanctimoniae
616 603 757 670 religionis
776 602 938 668 gloriosam·
953 600 1085 666 virginem
1111 599 1284 651 l'useinulam

47 701 225 767 praelibatae
238 709 349 754 sanctae
361 689 488 768 aspidia'e
499 702 710 755 commendauit.

85 800 279 855 bauovn.
292 803 353 867 ipsa
365 814 476 867 quoque
488 802 660 855 sanctissima
680 802 756 870 uirgo
776 799 885 866 dspidia
907 798 1081 853 nutrimentis
1099 796 1287 864 spiritualibus

10 900 30 953 li
46 898 312 966 observantiamque
332 900 560 962 castimonialem‚
577 901 634 968 jugi
653 894 815 953 'eruditione
831 898 895 950 ildei
914 898 1085 951 documentis
1109 909 1283 962 puerperam,

48 997 227 1051 Fuscinulam
240 999 305 1051 satis
317 998 433 1051 edocere
443 999 513 1050 virili
527 997 657 1066 indagine
670 997 782 1052 studuit.
796 1001 893 1050 sancta
907 1010 1018 1064 quoque
1038 997 1114 1062 virgo
1135 1003 1162 1049 et
1172 1006 1286 1048 venera-

48 1096 116 1150 bilis
137 1097 284 1150 Fuscinuia
304 1097 460 1163 praeceptis
483 1096 627 1165 magistrae
648 1111 714 1150 suae
736 1098 855 1151 libenter
879 1096 1042 1160 oboediens,
1064 1103 1091 1148 et
1113 1092 1287 1149 oboediendo

47 1196 234 1262 amplectens.
246 1202 274 1249 et
291 1197 484 1263 amplectendo
500 1197 708 1250 concelebrans.
722 1195 799 1249 liulla
822 1196 908 1261 turpis
919 1196 1005 1261 gratia
1027 1195 1106 1259 lucri,
1120 1193 1195 1246 nulla
1211 1194 1286 1259 juve·

49 1295 118 1347 nilis
131 1295 287 1361 oblectatio,
301 1296 376 1349 nulla
389 1295 575 1349 fraudulentia
588 1296 737 1362 corporalis
750 1309 810 1348 eam
823 1295 933 1348 deviare
946 1294 1108 1361 aproposito
1121 1292 1282 1360 virginitatis

10 1394 34 1449 J
51 1395 153 1460 potuit,
166 1393 214 1446 sed
227 1400 258 1446 ul
268 1395 339 1448 bona
356 1393 459 1447 indolis
481 1396 595 1461 ejusque
615 1394 716 1447 dicioni
737 1407 797 1447 sese
817 1393 936 1447 subdere
956 1398 983 1447 et
994 1393 1022 1444 in
1039 1392 1111 1445 diem
1129 1392 1219 1444 exitus
1238 1391 1279 1443 sui

52 1506 137 1546 veras
149 1494 259 1559 nuptias
270 1507 332 1547 cum
345 1494 409 1547 dote
422 1501 553 1561 perpetuo
567 1508 716 1547 assumere.

90 1592 203 1645 Lectio
214 1593 508 1660 V111.ltamquedum
521 1594 549 1645 in
562 1593 688 1647 accubitu
701 1606 781 1646 verae
793 1593 960 1658 integritatis
973 1592 1040 1645 iulta
1053 1591 1089 1644 de
1101 1589 1286 1644 consolatione

53 1693 159 1745 summi
172 1692 283 1745 arbitris
297 1700 471 1759 permaneret
483 1697 510 1745 et
522 1694 700 1763 orationibus,
705 1699 839 1758 prostrata
852 1692 955 1748 circum
969 1692 1053 1744 altare
1065 1692 1152 1744 sancti
1165 1690 1285 1743 Gervasii

50 1798 80 1845 et
102 1792 216 1845 Protasii
239 1798 346 1845 vacaret
367 1792 396 1844 in
416 1792 657 1857 contemplatione,
679 1791 781 1845 dietum
803 1797 844 1845 est
861 1793 907 1845 ei:
930 1790 1029 1856 Modo,
1042 1791 1128 1856 virgo
1146 1789 1285 1855 pieriosa

10 1888 25 1939 t
48 1891 236 1958 manain,
244 1892 423 1957 persevera*
436 1890 627 1958 inopertam
646 1890 839 1958 uirginitatis
852 1894 933 1958 tuoe,
948 1890 1037 1944 modo
1049 1886 1228 1957 confortare
1248 1889 1283 1940 in
1340 1903 1348 1918 ·
1361 1901 1426 1954 cod,

48 2002 88 2043 ea
100 1988 206 2056 fideet
217 1991 348 2043 veritate
359 2002 440 2057 quae
451 1994 496 2043 eat
508 1991 542 2043 in
563 1990 682 2046 Christo
694 1991 776 2057 Iesu,
798 1991 947 2058 qnoniam
958 1988 1128 2056 tyrannica
1144 1990 1281 2055 potestas
1299 1980 1348 2033 1³⁸¹
1349 1972 1481 2021 seim·

48 2087 94 2141 ad
115 2091 147 2141 te
167 2088 265 2141 mittit
280 2100 352 2142 euos
367 2088 406 2141 de
424 2090 521 2142 latere
544 2089 665 2157 missos,
679 2089 732 2156 qui
744 2093 774 2142 te
784 2090 911 2155 capient
921 2091 950 2142 ei
962 2090 1004 2142 od
1028 2089 1122 2141 iilum
1134 2086 1285 2155 festinato

49 2186 212 2240 &ducant
230 2188 346 2252 carew,
368 2188 522 2253 quatenus
544 2187 705 2240 libidinem
724 2187 833 2241 carnia
854 2200 931 2240 suae
952 2188 986 2240 in
1007 2189 1036 2240 te
1054 2187 1179 2253 expleat
1201 2186 1233 2238 ei
1251 2184 1287 2236 in
1341 2196 1428 2251 wod,

52 2285 380 2353 matrimoniojunpet
392 2286 582 2352 iniquitatis.
598 2289 651 2340 lior
665 2300 785 2353 namque
797 2288 900 2350 audito,
914 2300 1023 2338 rursum
1042 2287 1170 2339 continua
1189 2284 1285 2337 celeri·
1326 2275 1449 2318 misum·
1503 2352 1508 2359 Ι

10 2378 38 2433 ia
51 2390 107 2438 tate
119 2385 239 2437 surrexit
251 2391 278 2437 et
289 2368 434 2439 sororibus
442 2387 510 2450 suis,
523 2387 625 2438 sanetis
637 2387 741 2439 scilieet
761 2387 922 2454 virginibus,
936 2400 967 2438 ea
989 2399 1060 2451 quae
1078 2386 1202 2439 audierat
1213 2397 1281 2450 puro

51 2497 180 2538 sermone
193 2484 312 2549 pandere
325 2484 425 2550 eoepit.
440 2488 507 2538 lium
521 2486 563 2538 itis
584 2487 766 2552 explicaretur
777 2488 877 2545 verbis,
893 2486 1026 2552 tyrannici
1049 2486 1124 2537 missi
1146 2498 1194 2551 per
1211 2486 1284 2537 sores

51 2582 186 2637 ecclesiae
199 2595 261 2636 cum
275 2584 394 2637 maximo
407 2586 522 2651 strepitu
534 2586 707 2638 introierunt.
724 2588 779 2639 lloc
791 2586 887 2639 videns
900 2586 979 2638 beata
991 2585 1147 2649 Fuscinula,
1157 2585 1284 2650 cognouit

52 2682 207 2751 improbam
219 2683 390 2750 iniquitatem
403 2698 509 2746 eorum,
522 2687 612 2752 coepit
623 2699 736 2752 prorsus
749 2687 846 2739 terreri
860 2692 887 2738 et
900 2685 953 2738 huc
968 2684 1088 2751 illucque
1105 2683 1285 2737 discurrendo
1308 2741 1312 2746 ,

51 2783 193 2851 aubrgere,
207 2783 304 2849 pavida
315 2797 426 2851 quoque
438 2798 469 2837 ac
483 2785 626 2850 perterrita
639 2785 736 2837 subtus
749 2785 908 2838 constrictu‘
918 2785 1004 2837 altare
1017 2785 1103 2837 latuit.
1117 2783 1169 2836 Sed
1183 2784 1284 2848 impro·
1337 2757 1352 2807 ⁵·
1367 2788 1422 2853 lep.

52 2879 123 2934 bitas
135 2882 329 2948 quaerentium
344 2883 500 2936 nullatenus
512 2885 644 2950 resipuit;
657 2885 772 2937 audacia
786 2898 906 2951 namque
918 2884 1021 2938 diaboli
1039 2890 1156 2950 arrepta,
1166 2882 1201 2936 de
1220 2896 1283 2935 eon·
1301 2858 1470 2907 mmmm·

49 2987 158 3034 secrato
170 2980 248 3033 altari
260 2987 380 3035 sanctam
403 2983 534 3049 virginem
557 2984 749 3036 miserabiliter
769 2985 942 3048 expulerunt.
956 2986 1023 3036 cum
1044 2997 1111 3049 ergo
1134 2982 1279 3047 impolluti·
1296 3052 1302 3062 .
1340 2984 1418 3050 ‘lep

10 3100 15 3109 ·
49 3086 155 3134 tantmn
175 3081 308 3149 virginem
328 3082 440 3158 sauciati
463 3083 581 3147 peccatis
602 3089 677 3135 extra
699 3084 773 3135 iores
800 3083 931 3136 ecelesiae
951 3070 983 3135 et‘
998 3096 1085 3148 paene
1108 3082 1179 3134 ultra
1203 3088 1278 3147 septa
1295 3050 1477 3117 ¹¹⁰¹'⁰¹¹²¹¹³¹¹¹·

47 3180 212 3234 monasterii
233 3182 391 3241 traxissent,
402 3182 475 3247 justo
496 3183 692 3247 omnipotentis
713 3183 757 3234 bei
775 3184 891 3249 judicio,
913 3158 1146 3248 sumptis'armis,
1168 3194 1228 3233 sese
1248 3181 1282 3233 ad

47 3278 270 3330 internecionem
281 3279 491 3347 ¹jugulaverunt.
516 3280 609 3332 Nullus
634 3282 731 3333 norum
753 3281 892 3333 ullatenus
913 3280 1028 3333 evadere
1051 3280 1145 3346 potuit.
1159 3282 1282 3330 Attamen

10 3380 27 3435 ὓ
44 3378 108 3431 sola
122 3378 199 3442 virgo
211 3378 365 3444 integritate
379 3380 529 3445 permansit
542 3377 724 3447 virginitatis;
739 3381 796 3445 ipsa
810 3393 928 3447 namque
953 3380 1078 3432 lestinatu
1099 3379 1237 3431 celeritate
1248 3377 1282 3430 ad

41 3476 251 3531 monasterium
265 3490 388 3530 remeare
401 3478 558 3531 decertavit.
571 3481 628 3541 Quo
640 3480 867 3541 introeunte,lieo
880 3480 980 3546 gratias
992 3478 1104 3531 vocibus
1116 3489 1282 3542 concrepare

38 3576 149 3643 eoepit,
163 3577 211 3642 qui
227 3575 349 3630 detento
363 3579 485 3644 periculo
498 3593 558 3631 eam
572 3580 715 3631 innoxiam
727 3592 825 3631 eruere
837 3578 1025 3644 dignatusest.

620 3768 816 3775 ---—··—.

219 4004 458 4125 buecuxv.
480 4035 605 4123 Godex
625 4038 814 4147 signatus
835 4062 947 4130 num.
974 4041 1124 4129 13225.

73 4267 146 4323 Olin
158 4268 318 4317 San-Germ.
331 4265 407 4331 prius
419 4268 478 4326 815,
493 4278 548 4319 rec.
565 4268 637 4318 liiii.

72 4366 222 4421 Foliorum
239 4365 295 4416 its.
310 4364 375 4416 min.
386 4365 589 4429 (0¹¹¹,22><O‚id),
603 4364 683 4416 lineis
697 4366 930 4430 plenisoxaraius
946 4379 1017 4419 saec.
1030 4368 1095 4418 ilili.

70 4470 219 4529 excerpta
232 4476 268 4515 ex
280 4463 389 4523 blissali,
403 4464 500 4515 liituali
514 4470 541 4515 et
559 4464 695 4516 breviario
716 4466 884 4529 monasterii,
905 4471 934 4516 ut
953 4464 1070 4525 videtur,
1086 4468 1281 4532 Epsom[ensis]

23 4574 61 4627 in
79 4562 214 4622 dioecesi
229 4562 431 4627 suessionensi,
445 4559 490 4614 otii
503 4563 532 4614 in
545 4560 599 4614 tino
612 4563 739 4628 adiuncta
752 4570 816 4615 sunt
