3076 5498
484 331 611 382 canat.
632 331 734 382 GODD.
753 330 928 381 HAGIOGR.
947 331 1027 382 Lat.

476 549 685 661 Appendix
706 550 756 637 ad
778 549 863 636 cod.
892 548 1043 638 15437.

156 765 240 829 an
259 765 292 830 S.
314 764 479 830 Exurnnn
497 782 644 829 nrrscorr
663 765 862 829 Baiocnnsrs
879 761 960 846 (Cir.
978 783 1090 847 supra,
1111 783 1143 848 p.
1170 765 1244 839 320,
1260 754 1348 842 29⁹).

144 992 273 1066 Incipit
304 993 384 1052 vite
406 994 522 1054 sancti
543 993 716 1066 nxuperti
737 993 891 1066 episcopi
913 996 950 1054 et
971 995 1198 1071 oppressoris,
1213 995 1347 1068 queem

576 1093 742 1153 kalendis
763 1092 922 1167 angusti.

177 1285 296 1350 [Lectio
313 1286 450 1350 primi.
464 1315 496 1323 -
511 1287 595 1355 igitur
615 1294 759 1353 postquam
782 1287 827 1338 bei
840 1287 933 1345 Filius.
949 1287 1111 1354 relinquens
1131 1294 1159 1341 et
1178 1301 1232 1341 non
1247 1287 1336 1341 amium
1397 1276 1401 1291 '

145 1385 271 1451 primitus
286 1385 425 1450 caelestia,
441 1385 446 1453 Ι
461 1399 569 1452 semper
587 1386 682 1452 procul
703 1385 787 1438 dubio
804 1386 917 1453 virginis
938 1386 1107 1452 possidendo
1124 1378 1354 1454 bospitialcotpcl

149 1490 213 1536 runt
225 1484 441 1551 circumquaque
455 1498 516 1537 mox
537 1499 586 1551 per
599 1484 751 1552 quadrifida
766 1486 847 1551 nujus
864 1485 959 1537 mundi
979 1486 1089 1540 climata
1104 1486 1110 1554 Ι
1124 1488 1245 1554 ejusdcm
1262 1484 1333 1539 reden
1395 1488 1401 1499 ’

148 1583 233 1650 picris
244 1583 389 1635 clementia
405 1582 409 1650 Ι
426 1583 509 1636 multa
521 1597 571 1649 per
583 1581 677 1635 fideles
689 1583 788 1634 Christi
801 1583 860 1635 fieri
874 1584 1015 1636 miracula.

180 1684 255 1734 lnter
268 1694 347 1748 quos,
361 1686 422 1748 post
434 1683 623 1735 ascensionem
644 1682 750 1735 bomini
768 1696 924 1750 supernam,
942 1683 946 1749 Ι
961 1683 1032 1735 sicut
1051 1696 1108 1737 non
1120 1685 1173 1738 sub
1194 1684 1273 1738 modio
1286 1681 1336 1735 luet
1394 1668 1401 1693 '²

148 1783 280 1836 abscondi
294 1783 418 1846 lucerna,
434 1782 439 1848 1
455 1782 503 1836 sed
519 1796 601 1848 supra
620 1781 817 1835 candelabrum
830 1783 927 1848 posita,
943 1781 948 1849 Ι
963 1789 992 1834 ut
1005 1783 1052 1849 qui
1064 1782 1253 1852 ingrediuntur
1267 1782 1337 1837 niden

148 1882 304 1943 luminaria,
321 1881 325 1948 Ι
340 1888 367 1934 et
379 1882 492 1934 laudeni
512 1881 616 1935 devotis
637 1882 786 1942 mentibus,
800 1881 874 1935 velut
893 1880 979 1946 decet,
994 1882 1040 1933 bei
1063 1883 1210 1950 magnalia.
1225 1885 1229 1950 Ι
1242 1889 1289 1937 erat
1300 1877 1336 1946 qni·
1346 1870 1362 1924 ll

146 1982 210 2036 dam
228 1996 306 2048 puer,
321 1981 432 2035 nomine
444 1981 607 2047 Exuperius,
621 1981 655 2032 ab
668 1981 784 2033 infantia
798 1979 804 2047 Ι
818 1981 900 2034 totius
911 1983 949 2034 rei
961 1983 1083 2036 malitiae
1096 1985 1199 2038 salubri
1214 1988 1337 2051 postponens

147 2082 326 2147 continentia,
342 2083 346 2148 Ι
361 2080 535 2141 desideravit,
558 2082 688 2148 quoniam
701 2094 751 2133 ceu
766 2080 837 2145 lecit,
851 2095 911 2134 esse
925 2083 952 2135 in
965 2083 1072 2136 bomini
1096 2085 1182 2137 nostri
1201 2087 1260 2138 lesu
1275 2075 1339 2136 ilidii

150 2182 306 2234 clementia.

180 2284 233 2334 lste
247 2281 377 2334 nimimm
390 2282 424 2334 de
438 2280 523 2333 nobili
545 2285 703 2347 procreatus
724 2281 873 2347 parentela,
890 2280 894 2347 Ι
910 2286 937 2333 et
954 2295 1039 2346 super
1057 2282 1276 2348 primaeraebdei
1287 2277 1343 2334 calli

150 2381 218 2435 licae
230 2381 395 2443 mandatela,
412 2379 416 2447 l
432 2381 460 2432 in
473 2381 532 2448 ejus
545 2381 696 2446 permansit
707 2393 769 2433 cum
790 2380 869 2433 bonis
881 2381 1011 2446 operibus
1023 2381 1163 2436 clientela.
1353 2364 1370 2420 ¹⁸

185 2481 308 2545 Quodam
319 2484 328 2502 ⁹
341 2494 405 2534 vero
423 2481 477 2545 die,
491 2480 556 2532 dum
578 2481 741 2549 submagna
762 2481 914 2546 tyrannidis
933 2483 1125 2546 persecutione
1136 2489 1164 2536 et
1190 2475 1345 2537 incredulitatis

154 2581 268 2648 pertidia
283 2580 287 2649 Ι
303 2585 477 2648 torqueretur
489 2581 613 2647 undique
625 2593 704 2633 secus
715 2581 809 2647 Gallia,
826 2581 831 2648 l
846 2581 942 2634 beatus
955 2581 1091 2640 clemens.
1100 2583 1178 2636 urbis
1190 2585 1281 2636 Romae
1296 2589 1348 2647 pant

167 2683 171 2748 Ι
188 2682 287 2734 multos
301 2681 488 2733 transmittens
509 2681 659 2746 discipulos
681 2694 730 2746 per
746 2680 828 2746 nujus
847 2681 923 2733 orbis
943 2681 1088 2746 convallia,
1104 2681 1110 2750 Ι
1125 2684 1173 2750 qul
1186 2682 1279 2736 summi
1289 2679 1351 2734 sato

155 2783 219 2836 toris
232 2781 332 2834 cotidie
345 2780 536 2846 praedicarent
549 2780 693 2833 mirabilia.
1398 2840 1401 2855 ⁴

187 2883 224 2933 be
236 2881 337 2947 quibus
347 2881 396 2932 luit
405 2882 461 2946 jam
476 2880 614 2946 praelatus
627 2880 668 2931 vir
680 2880 844 2946 Exuperius,
859 2885 888 2932 ut
901 2880 983 2933 rciert
995 2880 1076 2948 fama,
1093 2881 1098 2946 Ι
1115 2881 1286 2935 felicissimus
1300 2866 1388 2930 inda-³

154 2981 274 3034 bitanter
293 2980 405 3047 collega,
422 2980 426 3047 Ι
443 2979 506 3033 tidei
527 2986 618 3033 autem
639 2993 733 3032 sacrae
762 2979 907 3033 devotione
930 2979 1030 3033 Christi
1054 2980 1179 3043 athleta,
1196 2984 1200 3047 Ι
1215 2993 1293 3034 exosa
1309 2978 1362 3031 rerlt

156 3081 260 3132 liabens
279 3081 453 3146 inquantum
476 3080 548 3133 idola
565 3081 652 3145 potuit
664 3093 733 3133 vana
747 3078 753 3146 Ι
769 3085 794 3133 et
807 3092 902 3133 corum
922 3079 1097 3132 destruxerat
1115 3075 1366 3142 fundamentalia

157 3181 257 3247 quibus
277 3179 312 3232 ad
333 3180 516 3233 invocandum
535 3192 636 3233 nomen
658 3180 764 3232 bomini
786 3184 993 3233 construeretur
1012 3192 1068 3245 ara,
1085 3179 1090 3246 Ι
1106 3193 1181 3246 quae
1202 3180 1298 3247 adbuc,
1317 3175 1369 3245 prol

155 3278 251 3332 dolor!
266 3290 380 3344 usquam
394 3280 451 3329 risa
464 3284 504 3331 est
517 3291 587 3330 rara.

189 3378 291 3430 Pallida
303 3378 447 3430 nituerunt
459 3378 580 3429 membra
594 3377 795 3442 sibijuvenilia,
811 3379 816 3441 Ι
832 3383 858 3429 et
872 3376 963 3429 tenuis
974 3388 1037 3429 earo
1051 3383 1189 3431 nocturna
1204 3379 1304 3447 vigilia,
1317 3378 1323 3445 l
1335 3369 1401 3445 quoi

158 3491 213 3532 non
227 3479 378 3531 imitaretur
391 3479 515 3544 puerilia,
531 3477 536 3546 Ι
551 3491 645 3530 verum
659 3477 811 3543 peremnia
824 3477 1096 3543 quaegessitopera,
1111 3479 1224 3533 senilia.

191 3579 391 3644 Frequentabat
412 3578 492 3645 igitur
513 3578 582 3629 sacri
596 3576 701 3629 ordinis
722 3577 896 3643 monasteria,
912 3576 917 3641 Ι
933 3589 986 3642 qua
1003 3576 1108 3628 sedulis
1125 3577 1299 3632 circumiens
1314 3577 1388 3645 preri-

156 3679 208 3731 bus
220 3678 363 3743 cimiteria,
380 3677 384 3742 Ι
400 3679 428 3728 in
442 3690 491 3729 sna
505 3675 697 3729 defunctorum
713 3677 818 3728 animas
832 3675 944 3728 retinuit
958 3677 1101 3731 memoria.

192 3777 292 3840 Viduis,
311 3777 442 3841 orphanis·
465 3781 493 3827 et
519 3775 686 3840 pauperibus
708 3776 813 3840 pictatis
833 3776 967 3841 praebens
989 3776 1137 3842 solamina,
1153 3776 1159 3844 Ι
1175 3778 1235 3831 illis
1260 3780 1345 3832 rietus
1367 3791 1393 3831 ac

158 3878 273 3930 vestium
290 3875 434 3928 tribuendo
453 3875 603 3940 juvamina,
620 3873 624 3940 Ι
641 3876 780 3927 neminem
802 3875 913 3941 reliquit
931 3874 1022 3941 aliqua
1043 3876 1232 3930 constrictum
1246 3875 1385 3948 angustini

158 3976 225 4043 quin
244 3976 289 4028 illc
303 3989 350 4027 sua
360 3976 562 4027 confortaretur
572 3974 705 4026 industria
717 3991 724 4040 ;
741 3974 746 4040 Ι
760 3981 787 4026 ct
800 3975 858 4039 ipsa
871 3973 910 4026 sic
924 3974 1024 4026 latetur
1036 3975 1177 4029 lleustria.

193 4076 325 4128 Omnibus
338 4074 423 4128 iactus
440 4082 481 4126 est
501 4074 604 4137 omnia,
620 4073 624 4138 Ι
639 4079 669 4124 ut
687 4086 749 4125 cum
771 4086 837 4126 voce
858 4073 1052 4141 psalmigraphi
1074 4081 1196 4129 cantare
1219 4087 1316 4144 posset
1335 4090 1398 4131 com·

161 4174 241 4227 moda
259 4190 265 4224 x
282 4173 287 4239 Ι
302 4175 409 4226 Incola
421 4187 474 4239 epo
486 4187 565 4237 suan,
579 4172 716 4239 bernice,
729 4172 762 4224 in
774 4171 833 4226 lnce
847 4175 953 4238 terrm
967 4171 973 4239 Ι
986 4184 1050 4225 non
1063 4171 1249 4230 abscondas
1262 4177 1302 4232 ab
1314 4177 1401 4231 omui·

160 4276 216 4328 bus
235 4287 283 4326 me
307 4273 527 4340 precinentibus
552 4272 705 4324 innodata
730 4275 795 4324 tun.
811 4271 816 4339 Ι
835 4272 1014 4339 Coracupieit
1032 4273 1146 4326 aalma
1173 4289 1250 4331 mea
1267 4284 1272 4344 t
1288 4272 1361 4333 illos¹
1379 4280 1401 4329 tc

160 4375 343 4428 desiderare
351 4386 410 4439 per·
422 4372 528 4425 omnio
541 4374 691 4439 tempora.

192 4477 250 4527 lam
265 4479 330 4527 tunc
343 4473 370 4525 in
383 4474 474 4526 divina
489 4473 610 4537 prolecto
623 4472 757 4537 scriptura
772 4472 776 4539 Ι
792 4472 897 4525 cunetis
909 4472 1097 4537 innotescens,
1114 4476 1196 4540 quod
1215 4477 1254 4532 de
1268 4493 1351 4532 carne
1362 4489 1401 4543 pm

160 4574 256 4626 Christi
287 4570 399 4625 nomine
423 4571 583 4637 castigatura
599 4573 603 4636 Ι
619 4572 710 4623 anima
743 4577 833 4637 posset
857 4571 956 4624 salvari
982 4584 1031 4634 per
1055 4577 1208 4636 peccatum
1236 4576 1395 4639 moritura!
