<?xml version="1.0" encoding="UTF-8"?>
<!DOCTYPE html PUBLIC "-//W3C//DTD XHTML 1.0 Transitional//EN"
    "http://www.w3.org/TR/xhtml1/DTD/xhtml1-transitional.dtd">
<html xmlns="http://www.w3.org/1999/xhtml" xml:lang="en" lang="en">
 <head>
  <title>
</title>
<meta http-equiv="Content-Type" content="text/html;charset=utf-8" />
  <meta name='ocr-system' content='tesseract 3.04.00' />
  <meta name='ocr-capabilities' content='ocr_page ocr_carea ocr_par ocr_line ocrx_word'/>
</head>
<body>
  <div class='ocr_page' id='page_1' title='image "./cataloguscodicu00manugoog_0397.png"; bbox 0 0 3076 5498; ppageno 0'>
   <div class='ocr_carea' id='block_1_1' title="bbox 149 327 1043 393">
    <p class='ocr_par' dir='ltr' id='par_1_1' title="bbox 149 327 1043 393">
     <span class='ocr_line' id='line_1_1' title="bbox 149 327 1043 393; baseline -0.004 0"><span class='ocrx_word' id='word_1_1' title='bbox 149 327 215 393; x_wconf 84' lang='grc'><strong>384</strong></span> <span class='ocrx_word' id='word_1_2' title='bbox 500 341 626 392; x_wconf 77' lang='lat' dir='ltr'><strong>ceren.</strong></span> <span class='ocrx_word' id='word_1_3' title='bbox 646 342 747 392; x_wconf 88' lang='lat' dir='ltr'><strong>conn.</strong></span> <span class='ocrx_word' id='word_1_4' title='bbox 767 340 942 391; x_wconf 68' lang='lat' dir='ltr'><strong>meroen.</strong></span> <span class='ocrx_word' id='word_1_5' title='bbox 960 338 1043 390; x_wconf 78' lang='lat' dir='ltr'><strong>nur.</strong></span> 
     </span>
    </p>
   </div>
   <div class='ocr_carea' id='block_1_2' title="bbox 1 489 1412 4654">
    <p class='ocr_par' dir='ltr' id='par_1_2' title="bbox 1 489 1412 4654">
     <span class='ocr_line' id='line_1_2' title="bbox 151 489 1411 577; baseline -0.008 -14"><span class='ocrx_word' id='word_1_6' title='bbox 151 524 213 563; x_wconf 90' lang='lat' dir='ltr'><strong>nam</strong></span> <span class='ocrx_word' id='word_1_7' title='bbox 227 524 379 577; x_wconf 80' lang='lat' dir='ltr'><strong>provocans</strong></span> <span class='ocrx_word' id='word_1_8' title='bbox 394 510 557 564; x_wconf 88' lang='lat' dir='ltr'><strong>instruebat.</strong></span> <span class='ocrx_word' id='word_1_9' title='bbox 573 511 676 574; x_wconf 85' lang='lat' dir='ltr'><strong>Quibus</strong></span> <span class='ocrx_word' id='word_1_10' title='bbox 688 511 786 563; x_wconf 85' lang='lat' dir='ltr'><strong>iterum</strong></span> <span class='ocrx_word' id='word_1_11' title='bbox 800 510 873 562; x_wconf 90' lang='lat' dir='ltr'><strong>inter</strong></span> <span class='ocrx_word' id='word_1_12' title='bbox 885 509 938 562; x_wconf 89' lang='lat' dir='ltr'><strong>alia</strong></span> <span class='ocrx_word' id='word_1_13' title='bbox 951 509 1117 561; x_wconf 91' lang='lat' dir='ltr'><strong>conlocutus</strong></span> <span class='ocrx_word' id='word_1_14' title='bbox 1135 506 1225 558; x_wconf 90' lang='lat' dir='ltr'><strong>aiebat</strong></span> <span class='ocrx_word' id='word_1_15' title='bbox 1237 520 1243 556; x_wconf 92' lang='lat'>:</span> <span class='ocrx_word' id='word_1_16' title='bbox 1254 505 1341 567; x_wconf 75' lang='lat' dir='ltr'><strong>eope·</strong></span> <span class='ocrx_word' id='word_1_17' title='bbox 1400 489 1411 511; x_wconf 33' lang='grc' dir='ltr'>ὦ</span> 
     </span>
     <span class='ocr_line' id='line_1_3' title="bbox 151 592 1409 678; baseline -0.005 -17"><span class='ocrx_word' id='word_1_18' title='bbox 151 611 206 676; x_wconf 84' lang='lat' dir='ltr'><strong>tea,</strong></span> <span class='ocrx_word' id='word_1_19' title='bbox 229 610 328 677; x_wconf 91' lang='lat' dir='ltr'><strong>inquit,</strong></span> <span class='ocrx_word' id='word_1_20' title='bbox 350 613 416 665; x_wconf 88' lang='lat' dir='ltr'><strong>loco</strong></span> <span class='ocrx_word' id='word_1_21' title='bbox 439 610 627 678; x_wconf 81' lang='lat' dir='ltr'><strong>quantocius</strong></span> <span class='ocrx_word' id='word_1_22' title='bbox 650 610 689 664; x_wconf 87' lang='lat' dir='ltr'><strong>ab</strong></span> <span class='ocrx_word' id='word_1_23' title='bbox 712 610 797 665; x_wconf 83' lang='lat' dir='ltr'><strong>omni</strong></span> <span class='ocrx_word' id='word_1_24' title='bbox 827 609 1047 677; x_wconf 81' lang='lat' dir='ltr'><strong>impedimento</strong></span> <span class='ocrx_word' id='word_1_25' title='bbox 1073 607 1185 674; x_wconf 81' lang='lat' dir='ltr'><strong>liberi,</strong></span> <span class='ocrx_word' id='word_1_26' title='bbox 1205 608 1288 659; x_wconf 73' lang='lat' dir='ltr'><strong>estote</strong></span> <span class='ocrx_word' id='word_1_27' title='bbox 1307 596 1343 653; x_wconf 67' lang='grc' dir='ltr'><strong>Μ’</strong></span> <span class='ocrx_word' id='word_1_28' title='bbox 1401 592 1409 621; x_wconf 72' lang='grc'><strong>’-</strong></span> 
     </span>
     <span class='ocr_line' id='line_1_4' title="bbox 149 699 1412 778; baseline -0.002 -17"><span class='ocrx_word' id='word_1_29' title='bbox 149 709 273 763; x_wconf 77' lang='lat' dir='ltr'><strong><em>comites</em></strong></span> <span class='ocrx_word' id='word_1_30' title='bbox 287 710 422 775; x_wconf 82' lang='lat' dir='ltr'><strong>itineris,</strong></span> <span class='ocrx_word' id='word_1_31' title='bbox 439 724 574 777; x_wconf 79' lang='lat' dir='ltr'><strong>quocum</strong></span> <span class='ocrx_word' id='word_1_32' title='bbox 585 713 617 764; x_wconf 91' lang='lat' dir='ltr'><strong>et</strong></span> <span class='ocrx_word' id='word_1_33' title='bbox 628 710 694 777; x_wconf 84' lang='lat' dir='ltr'><strong>ipse</strong></span> <span class='ocrx_word' id='word_1_34' title='bbox 696 710 860 778; x_wconf 82' lang='lat' dir='ltr'><strong>praeuius,</strong></span> <span class='ocrx_word' id='word_1_35' title='bbox 873 712 995 764; x_wconf 81' lang='lat' dir='ltr'><strong>certum</strong></span> <span class='ocrx_word' id='word_1_36' title='bbox 1008 707 1093 762; x_wconf 79' lang='lat' dir='ltr'><strong>vobis</strong></span> <span class='ocrx_word' id='word_1_37' title='bbox 1102 706 1240 761; x_wconf 70' lang='lat' dir='ltr'><strong>alterius</strong></span> <span class='ocrx_word' id='word_1_38' title='bbox 1250 699 1345 770; x_wconf 65' lang='lat' dir='ltr'><strong>remitit</strong></span> <span class='ocrx_word' id='word_1_39' title='bbox 1403 716 1412 725; x_wconf 73' lang='grc'><strong>“</strong></span> 
     </span>
     <span class='ocr_line' id='line_1_5' title="bbox 152 789 1408 876; baseline -0.004 -15"><span class='ocrx_word' id='word_1_40' title='bbox 152 809 254 862; x_wconf 83' lang='lat' dir='ltr'><strong>locum</strong></span> <span class='ocrx_word' id='word_1_41' title='bbox 266 809 418 864; x_wconf 82' lang='lat' dir='ltr'><strong>intimare</strong></span> <span class='ocrx_word' id='word_1_42' title='bbox 438 810 629 875; x_wconf 80' lang='lat' dir='ltr'><strong><em>curaverim,</em></strong></span> <span class='ocrx_word' id='word_1_43' title='bbox 651 810 704 876; x_wconf 84' lang='lat' dir='ltr'><strong>qui</strong></span> <span class='ocrx_word' id='word_1_44' title='bbox 721 809 818 863; x_wconf 83' lang='lat' dir='ltr'><strong>vestri</strong></span> <span class='ocrx_word' id='word_1_45' title='bbox 838 809 993 876; x_wconf 72' lang='lat' dir='ltr'><strong>martyrio</strong></span> <span class='ocrx_word' id='word_1_46' title='bbox 1012 807 1171 861; x_wconf 75' lang='lat' dir='ltr'><strong>divinitus</strong></span> <span class='ocrx_word' id='word_1_47' title='bbox 1180 802 1346 864; x_wconf 68' lang='lat' dir='ltr'><strong>consecrent,</strong></span> <span class='ocrx_word' id='word_1_48' title='bbox 1404 789 1408 823; x_wconf 76' lang='lat'><em>²</em></span> 
     </span>
     <span class='ocr_line' id='line_1_6' title="bbox 155 888 1412 976; baseline -0.01 -16"><span class='ocrx_word' id='word_1_49' title='bbox 155 907 190 960; x_wconf 84' lang='lat' dir='ltr'><strong>tn</strong></span> <span class='ocrx_word' id='word_1_50' title='bbox 213 910 318 963; x_wconf 80' lang='lat' dir='ltr'><strong>eodem</strong></span> <span class='ocrx_word' id='word_1_51' title='bbox 341 909 422 964; x_wconf 82' lang='lat' dir='ltr'><strong>vobis</strong></span> <span class='ocrx_word' id='word_1_52' title='bbox 443 910 592 964; x_wconf 84' lang='lat' dir='ltr'><strong>victorine</strong></span> <span class='ocrx_word' id='word_1_53' title='bbox 606 911 750 976; x_wconf 65' lang='lat' dir='ltr'><strong>patrnam</strong></span> <span class='ocrx_word' id='word_1_54' title='bbox 771 909 908 963; x_wconf 83' lang='lat' dir='ltr'><strong>obtinere</strong></span> <span class='ocrx_word' id='word_1_55' title='bbox 929 909 1077 963; x_wconf 68' lang='lat' dir='ltr'><strong>medone.</strong></span> <span class='ocrx_word' id='word_1_56' title='bbox 1096 907 1212 974; x_wconf 87' lang='lat' dir='ltr'><strong>(bicitur</strong></span> <span class='ocrx_word' id='word_1_57' title='bbox 1231 917 1288 959; x_wconf 86' lang='lat' dir='ltr'><strong>vero</strong></span> <span class='ocrx_word' id='word_1_58' title='bbox 1301 896 1365 952; x_wconf 81' lang='lat' dir='ltr'><strong>idcnt</strong></span> <span class='ocrx_word' id='word_1_59' title='bbox 1404 888 1412 927; x_wconf 63' lang='grc' dir='ltr'><strong>ἵ</strong></span> 
     </span>
     <span class='ocr_line' id='line_1_7' title="bbox 153 982 1412 1075; baseline -0.002 -17"><span class='ocrx_word' id='word_1_60' title='bbox 153 1006 229 1062; x_wconf 93' lang='lat' dir='ltr'><strong>locus</strong></span> <span class='ocrx_word' id='word_1_61' title='bbox 239 1010 319 1064; x_wconf 91' lang='lat' dir='ltr'><strong>solito</strong></span> <span class='ocrx_word' id='word_1_62' title='bbox 328 1012 405 1064; x_wconf 88' lang='lat' dir='ltr'><strong>llons</strong></span> <span class='ocrx_word' id='word_1_63' title='bbox 414 1010 770 1075; x_wconf 79' lang='lat' dir='ltr'><strong>llaurianusvocabulo.)dt</strong></span> <span class='ocrx_word' id='word_1_64' title='bbox 781 1010 849 1062; x_wconf 89' lang='lat' dir='ltr'><strong>baec</strong></span> <span class='ocrx_word' id='word_1_65' title='bbox 859 1010 965 1074; x_wconf 88' lang='lat' dir='ltr'><strong>dicens,</strong></span> <span class='ocrx_word' id='word_1_66' title='bbox 976 1021 1039 1061; x_wconf 90' lang='lat' dir='ltr'><strong>cum</strong></span> <span class='ocrx_word' id='word_1_67' title='bbox 1049 1007 1157 1060; x_wconf 90' lang='lat' dir='ltr'><strong>eisdem</strong></span> <span class='ocrx_word' id='word_1_68' title='bbox 1170 1005 1250 1059; x_wconf 90' lang='lat' dir='ltr'><strong>simul</strong></span> <span class='ocrx_word' id='word_1_69' title='bbox 1261 1010 1349 1072; x_wconf 78' lang='lat' dir='ltr'><strong>egreett</strong></span> <span class='ocrx_word' id='word_1_70' title='bbox 1410 982 1412 1028; x_wconf 73' lang='lat'>¹</span> 
     </span>
     <span class='ocr_line' id='line_1_8' title="bbox 154 1092 1412 1177; baseline -0.005 -16"><span class='ocrx_word' id='word_1_71' title='bbox 154 1110 331 1176; x_wconf 72' lang='lat' dir='ltr'>ergastulum,</span> <span class='ocrx_word' id='word_1_72' title='bbox 346 1111 510 1176; x_wconf 84' lang='lat' dir='ltr'><strong>perueniunt</strong></span> <span class='ocrx_word' id='word_1_73' title='bbox 530 1109 641 1162; x_wconf 90' lang='lat' dir='ltr'><strong>tandem</strong></span> <span class='ocrx_word' id='word_1_74' title='bbox 661 1111 695 1163; x_wconf 87' lang='lat' dir='ltr'><strong>ad</strong></span> <span class='ocrx_word' id='word_1_75' title='bbox 716 1123 805 1177; x_wconf 89' lang='lat' dir='ltr'><strong>usque</strong></span> <span class='ocrx_word' id='word_1_76' title='bbox 824 1111 914 1163; x_wconf 87' lang='lat' dir='ltr'><strong>locum</strong></span> <span class='ocrx_word' id='word_1_77' title='bbox 939 1110 1069 1176; x_wconf 89' lang='lat' dir='ltr'><strong>superius</strong></span> <span class='ocrx_word' id='word_1_78' title='bbox 1090 1108 1273 1171; x_wconf 90' lang='lat' dir='ltr'><strong>nominatum,</strong></span> <span class='ocrx_word' id='word_1_79' title='bbox 1285 1103 1349 1157; x_wconf 79' lang='lat' dir='ltr'><strong>dotet</strong></span> <span class='ocrx_word' id='word_1_80' title='bbox 1405 1092 1412 1126; x_wconf 79' lang='lat'><strong>·²</strong></span> 
     </span>
     <span class='ocr_line' id='line_1_9' title="bbox 154 1200 1410 1276; baseline 0 -17"><span class='ocrx_word' id='word_1_81' title='bbox 154 1208 286 1263; x_wconf 89' lang='lat' dir='ltr'><strong>babentes</strong></span> <span class='ocrx_word' id='word_1_82' title='bbox 298 1223 391 1263; x_wconf 87' lang='lat' dir='ltr'><strong>secum</strong></span> <span class='ocrx_word' id='word_1_83' title='bbox 406 1209 524 1262; x_wconf 88' lang='lat' dir='ltr'><strong>eundem</strong></span> <span class='ocrx_word' id='word_1_84' title='bbox 536 1209 566 1262; x_wconf 92' lang='lat' dir='ltr'><strong>in</strong></span> <span class='ocrx_word' id='word_1_85' title='bbox 578 1209 710 1263; x_wconf 88' lang='lat' dir='ltr'><strong>comitatu</strong></span> <span class='ocrx_word' id='word_1_86' title='bbox 722 1223 771 1264; x_wconf 91' lang='lat' dir='ltr'><strong>suo</strong></span> <span class='ocrx_word' id='word_1_87' title='bbox 782 1209 921 1276; x_wconf 89' lang='lat' dir='ltr'><strong>angelum.</strong></span> <span class='ocrx_word' id='word_1_88' title='bbox 1405 1200 1410 1211; x_wconf 93' lang='lat'>&#39;</span> 
     </span>
     <span class='ocr_line' id='line_1_10' title="bbox 188 1292 1412 1377; baseline -0.003 -17"><span class='ocrx_word' id='word_1_89' title='bbox 188 1310 238 1364; x_wconf 79' lang='lat'><strong>14.</strong></span> <span class='ocrx_word' id='word_1_90' title='bbox 258 1309 390 1364; x_wconf 85' lang='lat' dir='ltr'><strong>custodes</strong></span> <span class='ocrx_word' id='word_1_91' title='bbox 403 1311 496 1377; x_wconf 90' lang='lat' dir='ltr'><strong>itaque</strong></span> <span class='ocrx_word' id='word_1_92' title='bbox 508 1311 627 1363; x_wconf 89' lang='lat' dir='ltr'><strong>carceris</strong></span> <span class='ocrx_word' id='word_1_93' title='bbox 647 1311 719 1364; x_wconf 85' lang='lat' dir='ltr'><strong>iacto</strong></span> <span class='ocrx_word' id='word_1_94' title='bbox 739 1323 818 1364; x_wconf 91' lang='lat' dir='ltr'><strong>mane</strong></span> <span class='ocrx_word' id='word_1_95' title='bbox 841 1322 939 1364; x_wconf 91' lang='lat' dir='ltr'><strong>somno</strong></span> <span class='ocrx_word' id='word_1_96' title='bbox 959 1308 1157 1376; x_wconf 78' lang='lat' dir='ltr'><strong>expergefacti,</strong></span> <span class='ocrx_word' id='word_1_97' title='bbox 1170 1307 1349 1361; x_wconf 78' lang='lat' dir='ltr'><strong>animadvertunt</strong></span> <span class='ocrx_word' id='word_1_98' title='bbox 1406 1292 1412 1324; x_wconf 79' lang='grc'><strong>’-</strong></span> 
     </span>
     <span class='ocr_line' id='line_1_11' title="bbox 155 1385 1412 1475; baseline -0.004 -15"><span class='ocrx_word' id='word_1_99' title='bbox 155 1407 247 1475; x_wconf 88' lang='lat' dir='ltr'><strong>patula</strong></span> <span class='ocrx_word' id='word_1_100' title='bbox 258 1408 396 1462; x_wconf 88' lang='lat' dir='ltr'><strong>tenebrosi</strong></span> <span class='ocrx_word' id='word_1_101' title='bbox 409 1408 531 1461; x_wconf 88' lang='lat' dir='ltr'><strong>carceris</strong></span> <span class='ocrx_word' id='word_1_102' title='bbox 544 1409 689 1473; x_wconf 89' lang='lat' dir='ltr'><strong>ergastula,</strong></span> <span class='ocrx_word' id='word_1_103' title='bbox 702 1415 729 1461; x_wconf 93' lang='lat' dir='ltr'><strong>et</strong></span> <span class='ocrx_word' id='word_1_104' title='bbox 749 1408 839 1462; x_wconf 86' lang='lat' dir='ltr'><strong>soluta</strong></span> <span class='ocrx_word' id='word_1_105' title='bbox 859 1409 959 1461; x_wconf 83' lang='lat' dir='ltr'><strong>curisti</strong></span> <span class='ocrx_word' id='word_1_106' title='bbox 981 1407 1099 1460; x_wconf 91' lang='lat' dir='ltr'><strong>militum</strong></span> <span class='ocrx_word' id='word_1_107' title='bbox 1123 1406 1259 1460; x_wconf 80' lang='lat' dir='ltr'><strong>curiosius</strong></span> <span class='ocrx_word' id='word_1_108' title='bbox 1272 1394 1374 1458; x_wconf 73' lang='lat' dir='ltr'><strong>nunbll</strong></span> <span class='ocrx_word' id='word_1_109' title='bbox 1405 1385 1412 1422; x_wconf 68' lang='lat'>²</span> 
     </span>
     <span class='ocr_line' id='line_1_12' title="bbox 155 1485 1410 1575; baseline -0.001 -16"><span class='ocrx_word' id='word_1_110' title='bbox 155 1507 316 1575; x_wconf 89' lang='lat' dir='ltr'><strong>indagantes</strong></span> <span class='ocrx_word' id='word_1_111' title='bbox 328 1507 375 1560; x_wconf 91' lang='lat' dir='ltr'><strong>din</strong></span> <span class='ocrx_word' id='word_1_112' title='bbox 389 1508 561 1575; x_wconf 89' lang='lat' dir='ltr'><strong>multumque</strong></span> <span class='ocrx_word' id='word_1_113' title='bbox 584 1514 735 1562; x_wconf 91' lang='lat' dir='ltr'><strong>morantur.</strong></span> <span class='ocrx_word' id='word_1_114' title='bbox 757 1511 823 1562; x_wconf 85' lang='lat' dir='ltr'><strong>cum</strong></span> <span class='ocrx_word' id='word_1_115' title='bbox 845 1510 945 1562; x_wconf 89' lang='lat' dir='ltr'><strong>mirum</strong></span> <span class='ocrx_word' id='word_1_116' title='bbox 967 1509 995 1560; x_wconf 91' lang='lat' dir='ltr'><strong>in</strong></span> <span class='ocrx_word' id='word_1_117' title='bbox 1016 1506 1132 1560; x_wconf 89' lang='lat' dir='ltr'><strong>modum</strong></span> <span class='ocrx_word' id='word_1_118' title='bbox 1155 1512 1183 1560; x_wconf 92' lang='lat' dir='ltr'><strong>et</strong></span> <span class='ocrx_word' id='word_1_119' title='bbox 1201 1519 1278 1572; x_wconf 89' lang='lat' dir='ltr'><strong>supra</strong></span> <span class='ocrx_word' id='word_1_120' title='bbox 1295 1512 1345 1570; x_wconf 77' lang='lat' dir='ltr'><strong>qttb</strong></span> <span class='ocrx_word' id='word_1_121' title='bbox 1405 1485 1410 1520; x_wconf 67' lang='lat'><em>³</em></span> 
     </span>
     <span class='ocr_line' id='line_1_13' title="bbox 153 1592 1412 1675; baseline -0.005 -15"><span class='ocrx_word' id='word_1_122' title='bbox 153 1606 228 1660; x_wconf 86' lang='lat' dir='ltr'><strong>credi</strong></span> <span class='ocrx_word' id='word_1_123' title='bbox 241 1612 331 1672; x_wconf 92' lang='lat' dir='ltr'><strong>potest</strong></span> <span class='ocrx_word' id='word_1_124' title='bbox 342 1607 382 1659; x_wconf 90' lang='lat' dir='ltr'><strong>rei</strong></span> <span class='ocrx_word' id='word_1_125' title='bbox 394 1620 466 1673; x_wconf 91' lang='lat' dir='ltr'><strong>quae</strong></span> <span class='ocrx_word' id='word_1_126' title='bbox 478 1606 615 1661; x_wconf 90' lang='lat' dir='ltr'><strong>acciderat</strong></span> <span class='ocrx_word' id='word_1_127' title='bbox 627 1613 739 1674; x_wconf 77' lang='lat' dir='ltr'><strong>stupore</strong></span> <span class='ocrx_word' id='word_1_128' title='bbox 751 1607 872 1674; x_wconf 80' lang='lat' dir='ltr'><strong>attoniti,</strong></span> <span class='ocrx_word' id='word_1_129' title='bbox 886 1608 942 1675; x_wconf 91' lang='lat' dir='ltr'><strong>regi</strong></span> <span class='ocrx_word' id='word_1_130' title='bbox 960 1607 1028 1660; x_wconf 87' lang='lat' dir='ltr'><strong>baec</strong></span> <span class='ocrx_word' id='word_1_131' title='bbox 1039 1620 1124 1673; x_wconf 92' lang='lat' dir='ltr'><strong>quam</strong></span> <span class='ocrx_word' id='word_1_132' title='bbox 1138 1592 1256 1673; x_wconf 89' lang='lat' dir='ltr'><strong>primum</strong></span> <span class='ocrx_word' id='word_1_133' title='bbox 1268 1608 1346 1655; x_wconf 79' lang='lat' dir='ltr'><strong>nabd-</strong></span> <span class='ocrx_word' id='word_1_134' title='bbox 1407 1614 1412 1627; x_wconf 58' lang='lat'><strong><em>³</em></strong></span> 
     </span>
     <span class='ocr_line' id='line_1_14' title="bbox 155 1684 1412 1773; baseline 0.002 -16"><span class='ocrx_word' id='word_1_135' title='bbox 155 1706 189 1758; x_wconf 90' lang='lat' dir='ltr'><strong>tis</strong></span> <span class='ocrx_word' id='word_1_136' title='bbox 201 1705 328 1773; x_wconf 89' lang='lat' dir='ltr'><strong>passibus</strong></span> <span class='ocrx_word' id='word_1_137' title='bbox 342 1705 471 1760; x_wconf 89' lang='lat' dir='ltr'><strong>nuntiare</strong></span> <span class='ocrx_word' id='word_1_138' title='bbox 483 1706 646 1760; x_wconf 90' lang='lat' dir='ltr'><strong>deliberant.</strong></span> <span class='ocrx_word' id='word_1_139' title='bbox 670 1710 744 1771; x_wconf 82' lang='lat' dir='ltr'><strong>Quae</strong></span> <span class='ocrx_word' id='word_1_140' title='bbox 764 1708 811 1760; x_wconf 91' lang='lat' dir='ltr'><strong>ubi</strong></span> <span class='ocrx_word' id='word_1_141' title='bbox 833 1711 973 1773; x_wconf 87' lang='lat' dir='ltr'><strong>comperta</strong></span> <span class='ocrx_word' id='word_1_142' title='bbox 994 1705 1100 1772; x_wconf 89' lang='lat' dir='ltr'><strong>babuit,</strong></span> <span class='ocrx_word' id='word_1_143' title='bbox 1122 1704 1263 1759; x_wconf 87' lang='lat' dir='ltr'><strong>iracundia</strong></span> <span class='ocrx_word' id='word_1_144' title='bbox 1273 1702 1345 1770; x_wconf 75' lang='lat' dir='ltr'><strong>pluit</strong></span> <span class='ocrx_word' id='word_1_145' title='bbox 1405 1684 1412 1718; x_wconf 71' lang='lat'>³</span> 
     </span>
     <span class='ocr_line' id='line_1_15' title="bbox 153 1786 1412 1872; baseline -0.003 -15"><span class='ocrx_word' id='word_1_146' title='bbox 153 1805 233 1871; x_wconf 78' lang='lat' dir='ltr'><strong>lubet</strong></span> <span class='ocrx_word' id='word_1_147' title='bbox 244 1817 260 1856; x_wconf 93' lang='lat' dir='ltr'><strong>e</strong></span> <span class='ocrx_word' id='word_1_148' title='bbox 272 1804 385 1872; x_wconf 80' lang='lat' dir='ltr'><strong>vestigio</strong></span> <span class='ocrx_word' id='word_1_149' title='bbox 398 1805 525 1871; x_wconf 81' lang='lat' dir='ltr'><strong>persequi</strong></span> <span class='ocrx_word' id='word_1_150' title='bbox 539 1805 707 1869; x_wconf 79' lang='lat' dir='ltr'><strong>recedentes,</strong></span> <span class='ocrx_word' id='word_1_151' title='bbox 717 1806 780 1858; x_wconf 91' lang='lat' dir='ltr'><strong>data</strong></span> <span class='ocrx_word' id='word_1_152' title='bbox 790 1806 966 1859; x_wconf 82' lang='lat' dir='ltr'><strong>sententiani</strong></span> <span class='ocrx_word' id='word_1_153' title='bbox 975 1804 1063 1857; x_wconf 84' lang='lat' dir='ltr'><strong>sicubi</strong></span> <span class='ocrx_word' id='word_1_154' title='bbox 1075 1803 1179 1870; x_wconf 89' lang='lat' dir='ltr'><strong>reperti</strong></span> <span class='ocrx_word' id='word_1_155' title='bbox 1190 1795 1346 1868; x_wconf 74' lang='lat' dir='ltr'><strong>torentmtib</strong></span> <span class='ocrx_word' id='word_1_156' title='bbox 1406 1786 1412 1813; x_wconf 77' lang='lat'><strong>&#39;¹</strong></span> 
     </span>
     <span class='ocr_line' id='line_1_16' title="bbox 156 1882 1412 1974; baseline -0.005 -18"><span class='ocrx_word' id='word_1_157' title='bbox 156 1904 190 1958; x_wconf 88' lang='lat' dir='ltr'><strong>ab</strong></span> <span class='ocrx_word' id='word_1_158' title='bbox 202 1903 404 1971; x_wconf 80' lang='lat' dir='ltr'><strong>apparitoribus</strong></span> <span class='ocrx_word' id='word_1_159' title='bbox 424 1906 503 1970; x_wconf 83' lang='lat' dir='ltr'><strong>rapti,</strong></span> <span class='ocrx_word' id='word_1_160' title='bbox 528 1905 619 1974; x_wconf 89' lang='lat' dir='ltr'><strong>gladio</strong></span> <span class='ocrx_word' id='word_1_161' title='bbox 639 1911 814 1959; x_wconf 83' lang='lat' dir='ltr'><strong>necarentur.</strong></span> <span class='ocrx_word' id='word_1_162' title='bbox 834 1907 887 1959; x_wconf 80' lang='lat' dir='ltr'><strong>Nec</strong></span> <span class='ocrx_word' id='word_1_163' title='bbox 909 1918 994 1969; x_wconf 81' lang='lat' dir='ltr'><strong>mora,</strong></span> <span class='ocrx_word' id='word_1_164' title='bbox 1016 1917 1101 1957; x_wconf 88' lang='lat' dir='ltr'><strong>cursu</strong></span> <span class='ocrx_word' id='word_1_165' title='bbox 1125 1903 1234 1957; x_wconf 89' lang='lat' dir='ltr'><strong>concito</strong></span> <span class='ocrx_word' id='word_1_166' title='bbox 1252 1884 1373 1968; x_wconf 65' lang='lat' dir='ltr'><strong>quinidi</strong></span> <span class='ocrx_word' id='word_1_167' title='bbox 1404 1882 1412 1896; x_wconf 65' lang='lat'><em>⁶</em></span> 
     </span>
     <span class='ocr_line' id='line_1_17' title="bbox 157 1976 1409 2074; baseline -0.008 -17"><span class='ocrx_word' id='word_1_168' title='bbox 157 2003 266 2058; x_wconf 80' lang='lat' dir='ltr'><strong>merant</strong></span> <span class='ocrx_word' id='word_1_169' title='bbox 278 2003 502 2070; x_wconf 85' lang='lat' dir='ltr'><strong>praecedentium</strong></span> <span class='ocrx_word' id='word_1_170' title='bbox 515 2006 627 2074; x_wconf 88' lang='lat' dir='ltr'><strong>vestigia</strong></span> <span class='ocrx_word' id='word_1_171' title='bbox 640 2007 832 2072; x_wconf 83' lang='lat' dir='ltr'><strong>insequuntur,</strong></span> <span class='ocrx_word' id='word_1_172' title='bbox 850 2017 1007 2072; x_wconf 92' lang='lat' dir='ltr'><strong>quousque</strong></span> <span class='ocrx_word' id='word_1_173' title='bbox 1024 2004 1056 2057; x_wconf 92' lang='lat' dir='ltr'><strong>ad</strong></span> <span class='ocrx_word' id='word_1_174' title='bbox 1076 2004 1200 2058; x_wconf 91' lang='lat' dir='ltr'><strong>eundem</strong></span> <span class='ocrx_word' id='word_1_175' title='bbox 1212 2002 1292 2056; x_wconf 86' lang='lat' dir='ltr'><strong>locun</strong></span> <span class='ocrx_word' id='word_1_176' title='bbox 1300 1992 1344 2049; x_wconf 83' lang='lat' dir='ltr'><strong>reti·</strong></span> <span class='ocrx_word' id='word_1_177' title='bbox 1405 1976 1409 2013; x_wconf 73' lang='lat'><strong>²</strong></span> 
     </span>
     <span class='ocr_line' id='line_1_18' title="bbox 155 2094 1343 2171; baseline -0.003 -14"><span class='ocrx_word' id='word_1_178' title='bbox 155 2108 241 2169; x_wconf 89' lang='lat' dir='ltr'><strong>retur,</strong></span> <span class='ocrx_word' id='word_1_179' title='bbox 254 2103 301 2156; x_wconf 91' lang='lat' dir='ltr'><strong>ubi</strong></span> <span class='ocrx_word' id='word_1_180' title='bbox 314 2115 395 2169; x_wconf 83' lang='lat' dir='ltr'><strong>saepe</strong></span> <span class='ocrx_word' id='word_1_181' title='bbox 404 2104 460 2169; x_wconf 85' lang='lat' dir='ltr'><strong>jam</strong></span> <span class='ocrx_word' id='word_1_182' title='bbox 472 2102 562 2156; x_wconf 90' lang='lat' dir='ltr'><strong>dictus</strong></span> <span class='ocrx_word' id='word_1_183' title='bbox 576 2109 676 2171; x_wconf 87' lang='lat' dir='ltr'><strong>martyr</strong></span> <span class='ocrx_word' id='word_1_184' title='bbox 687 2105 794 2158; x_wconf 88' lang='lat' dir='ltr'><strong>bomini</strong></span> <span class='ocrx_word' id='word_1_185' title='bbox 807 2106 948 2157; x_wconf 85' lang='lat' dir='ltr'><strong>llaurinus</strong></span> <span class='ocrx_word' id='word_1_186' title='bbox 960 2117 1015 2158; x_wconf 90' lang='lat' dir='ltr'><strong>una</strong></span> <span class='ocrx_word' id='word_1_187' title='bbox 1027 2117 1091 2156; x_wconf 90' lang='lat' dir='ltr'><strong>cum</strong></span> <span class='ocrx_word' id='word_1_188' title='bbox 1105 2103 1191 2157; x_wconf 89' lang='lat' dir='ltr'><strong>sociis</strong></span> <span class='ocrx_word' id='word_1_189' title='bbox 1203 2101 1269 2155; x_wconf 88' lang='lat' dir='ltr'><strong>duce</strong></span> <span class='ocrx_word' id='word_1_190' title='bbox 1281 2094 1343 2152; x_wconf 55' lang='lat' dir='ltr'><strong>etita</strong></span> 
     </span>
     <span class='ocr_line' id='line_1_19' title="bbox 1 2192 1346 2280; baseline -0.003 -24"><span class='ocrx_word' id='word_1_191' title='bbox 1 2212 70 2267; x_wconf 70' lang='lat' dir='ltr'><strong>coa.</strong></span> <span class='ocrx_word' id='word_1_192' title='bbox 84 2224 139 2280; x_wconf 78' lang='lat' dir='ltr'><strong>quo</strong></span> <span class='ocrx_word' id='word_1_193' title='bbox 160 2203 258 2272; x_wconf 91' lang='lat' dir='ltr'><strong>angelo</strong></span> <span class='ocrx_word' id='word_1_194' title='bbox 271 2206 456 2257; x_wconf 82' lang='lat' dir='ltr'><strong>commanere&#39;</strong></span> <span class='ocrx_word' id='word_1_195' title='bbox 468 2203 636 2256; x_wconf 84' lang='lat' dir='ltr'><strong>decreverat.</strong></span> <span class='ocrx_word' id='word_1_196' title='bbox 650 2205 699 2268; x_wconf 81' lang='lat' dir='ltr'><strong>Qui</strong></span> <span class='ocrx_word' id='word_1_197' title='bbox 712 2210 823 2270; x_wconf 88' lang='lat' dir='ltr'><strong>stupore</strong></span> <span class='ocrx_word' id='word_1_198' title='bbox 844 2205 929 2258; x_wconf 90' lang='lat' dir='ltr'><strong>nimio</strong></span> <span class='ocrx_word' id='word_1_199' title='bbox 948 2204 1078 2270; x_wconf 78' lang='lat' dir='ltr'><strong>correpti,</strong></span> <span class='ocrx_word' id='word_1_200' title='bbox 1097 2204 1224 2257; x_wconf 85' lang='lat' dir='ltr'><strong>videntes</strong></span> <span class='ocrx_word' id='word_1_201' title='bbox 1234 2213 1263 2255; x_wconf 81' lang='lat' dir='ltr'><strong>ee</strong></span> <span class='ocrx_word' id='word_1_202' title='bbox 1273 2192 1346 2266; x_wconf 76' lang='lat' dir='ltr'><strong>qnttll</strong></span> 
     </span>
     <span class='ocr_line' id='line_1_20' title="bbox 1 2290 1346 2371; baseline -0.004 -14"><span class='ocrx_word' id='word_1_203' title='bbox 1 2291 122 2333; x_wconf 60' lang='lat' dir='ltr'><strong>manem·</strong></span> <span class='ocrx_word' id='word_1_204' title='bbox 162 2304 278 2370; x_wconf 91' lang='lat' dir='ltr'><strong>populos</strong></span> <span class='ocrx_word' id='word_1_205' title='bbox 291 2303 421 2369; x_wconf 82' lang='lat' dir='ltr'><strong>perbeati</strong></span> <span class='ocrx_word' id='word_1_206' title='bbox 436 2303 488 2355; x_wconf 81' lang='lat' dir='ltr'><strong>viri</strong></span> <span class='ocrx_word' id='word_1_207' title='bbox 510 2304 607 2357; x_wconf 90' lang='lat' dir='ltr'><strong>merita</strong></span> <span class='ocrx_word' id='word_1_208' title='bbox 628 2305 759 2357; x_wconf 81' lang='lat' dir='ltr'><strong>virtutum</strong></span> <span class='ocrx_word' id='word_1_209' title='bbox 777 2309 958 2370; x_wconf 87' lang='lat' dir='ltr'><strong>operarentur</strong></span> <span class='ocrx_word' id='word_1_210' title='bbox 973 2303 1106 2371; x_wconf 87' lang='lat' dir='ltr'><strong>insignia,</strong></span> <span class='ocrx_word' id='word_1_211' title='bbox 1125 2301 1278 2370; x_wconf 83' lang='lat' dir='ltr'><strong>compuncti</strong></span> <span class='ocrx_word' id='word_1_212' title='bbox 1288 2290 1346 2353; x_wconf 80' lang='lat' dir='ltr'><strong>erit</strong></span> 
     </span>
     <span class='ocr_line' id='line_1_21' title="bbox 159 2376 1412 2477; baseline -0.004 -20"><span class='ocrx_word' id='word_1_213' title='bbox 159 2403 194 2457; x_wconf 91' lang='lat' dir='ltr'><strong>ad</strong></span> <span class='ocrx_word' id='word_1_214' title='bbox 205 2403 277 2457; x_wconf 87' lang='lat' dir='ltr'><strong>beati</strong></span> <span class='ocrx_word' id='word_1_215' title='bbox 290 2405 340 2457; x_wconf 86' lang='lat' dir='ltr'><strong>viri</strong></span> <span class='ocrx_word' id='word_1_216' title='bbox 352 2417 440 2471; x_wconf 91' lang='lat' dir='ltr'><strong>genua</strong></span> <span class='ocrx_word' id='word_1_217' title='bbox 453 2409 674 2470; x_wconf 85' lang='lat' dir='ltr'><strong>prosternuntur,</strong></span> <span class='ocrx_word' id='word_1_218' title='bbox 684 2403 842 2470; x_wconf 86' lang='lat' dir='ltr'><strong>prolitentes</strong></span> <span class='ocrx_word' id='word_1_219' title='bbox 854 2418 910 2458; x_wconf 93' lang='lat' dir='ltr'><strong>non</strong></span> <span class='ocrx_word' id='word_1_220' title='bbox 920 2401 1126 2457; x_wconf 89' lang='lat' dir='ltr'><strong>sinedaemone</strong></span> <span class='ocrx_word' id='word_1_221' title='bbox 1138 2376 1372 2455; x_wconf 60' lang='lat' dir='ltr'><strong>adsumpserit*</strong></span> <span class='ocrx_word' id='word_1_222' title='bbox 1406 2399 1412 2477; x_wconf 63' lang='lat'><strong>.</strong></span> 
     </span>
     <span class='ocr_line' id='line_1_22' title="bbox 163 2488 1347 2571; baseline 0.002 -15"><span class='ocrx_word' id='word_1_223' title='bbox 163 2503 210 2556; x_wconf 89' lang='lat' dir='ltr'><strong>bei</strong></span> <span class='ocrx_word' id='word_1_224' title='bbox 221 2509 276 2557; x_wconf 89' lang='lat' dir='ltr'><strong>tam</strong></span> <span class='ocrx_word' id='word_1_225' title='bbox 290 2505 418 2571; x_wconf 89' lang='lat' dir='ltr'><strong>nequiter</strong></span> <span class='ocrx_word' id='word_1_226' title='bbox 430 2517 460 2557; x_wconf 91' lang='lat' dir='ltr'><strong>se</strong></span> <span class='ocrx_word' id='word_1_227' title='bbox 473 2505 595 2558; x_wconf 80' lang='lat' dir='ltr'><strong>invectos</strong></span> <span class='ocrx_word' id='word_1_228' title='bbox 605 2505 698 2558; x_wconf 84' lang='lat' dir='ltr'><strong>tuisse.</strong></span> <span class='ocrx_word' id='word_1_229' title='bbox 722 2502 799 2557; x_wconf 87' lang='lat' dir='ltr'><strong>Unde</strong></span> <span class='ocrx_word' id='word_1_230' title='bbox 819 2509 912 2557; x_wconf 89' lang='lat' dir='ltr'><strong>reatus</strong></span> <span class='ocrx_word' id='word_1_231' title='bbox 932 2503 974 2556; x_wconf 90' lang='lat' dir='ltr'><strong>sui</strong></span> <span class='ocrx_word' id='word_1_232' title='bbox 990 2501 1201 2569; x_wconf 87' lang='lat' dir='ltr'><strong>paenitudinem</strong></span> <span class='ocrx_word' id='word_1_233' title='bbox 1219 2488 1347 2558; x_wconf 55' lang='grc' dir='ltr'><strong>οοηιῐιῐῡ93</strong></span> 
     </span>
     <span class='ocr_line' id='line_1_23' title="bbox 160 2590 1411 2672; baseline -0.004 -17"><span class='ocrx_word' id='word_1_234' title='bbox 160 2608 281 2672; x_wconf 81' lang='lat' dir='ltr'><strong>agentes,</strong></span> <span class='ocrx_word' id='word_1_235' title='bbox 296 2604 404 2670; x_wconf 87' lang='lat' dir='ltr'><strong>plenam</strong></span> <span class='ocrx_word' id='word_1_236' title='bbox 417 2617 432 2657; x_wconf 92' lang='lat' dir='ltr'><strong>a</strong></span> <span class='ocrx_word' id='word_1_237' title='bbox 445 2606 547 2658; x_wconf 88' lang='lat' dir='ltr'><strong>sanctis</strong></span> <span class='ocrx_word' id='word_1_238' title='bbox 559 2605 624 2657; x_wconf 81' lang='lat' dir='ltr'><strong>viris</strong></span> <span class='ocrx_word' id='word_1_239' title='bbox 636 2605 867 2671; x_wconf 88' lang='lat' dir='ltr'><strong>praesumptionis</strong></span> <span class='ocrx_word' id='word_1_240' title='bbox 879 2615 945 2657; x_wconf 85' lang='lat' dir='ltr'><strong>suae</strong></span> <span class='ocrx_word' id='word_1_241' title='bbox 957 2601 1158 2670; x_wconf 76' lang='lat' dir='ltr'><strong>indulgentiam</strong></span> <span class='ocrx_word' id='word_1_242' title='bbox 1169 2597 1305 2662; x_wconf 86' lang='lat' dir='ltr'><strong>consecuti,</strong></span> <span class='ocrx_word' id='word_1_243' title='bbox 1311 2591 1348 2644; x_wconf 70' lang='lat' dir='ltr'><strong>iti!</strong></span> <span class='ocrx_word' id='word_1_244' title='bbox 1408 2590 1411 2595; x_wconf 76' lang='grc'><strong>’</strong></span> 
     </span>
     <span class='ocr_line' id='line_1_24' title="bbox 161 2686 1412 2769; baseline -0.003 -14"><span class='ocrx_word' id='word_1_245' title='bbox 161 2703 337 2756; x_wconf 86' lang='lat' dir='ltr'><strong>cottiessioue</strong></span> <span class='ocrx_word' id='word_1_246' title='bbox 350 2704 475 2769; x_wconf 84' lang='lat' dir='ltr'><strong>baptizati</strong></span> <span class='ocrx_word' id='word_1_247' title='bbox 488 2711 552 2756; x_wconf 92' lang='lat' dir='ltr'><strong>sunt</strong></span> <span class='ocrx_word' id='word_1_248' title='bbox 564 2704 598 2756; x_wconf 86' lang='lat' dir='ltr'><strong>ab</strong></span> <span class='ocrx_word' id='word_1_249' title='bbox 610 2702 715 2757; x_wconf 90' lang='lat' dir='ltr'><strong>eisdem</strong></span> <span class='ocrx_word' id='word_1_250' title='bbox 728 2704 757 2756; x_wconf 92' lang='lat' dir='ltr'><strong>in</strong></span> <span class='ocrx_word' id='word_1_251' title='bbox 770 2703 882 2756; x_wconf 91' lang='lat' dir='ltr'><strong>nomine</strong></span> <span class='ocrx_word' id='word_1_252' title='bbox 892 2705 956 2756; x_wconf 84' lang='lat' dir='ltr'><strong>iesu</strong></span> <span class='ocrx_word' id='word_1_253' title='bbox 968 2701 1080 2754; x_wconf 84' lang='lat' dir='ltr'><strong>christi.</strong></span> <span class='ocrx_word' id='word_1_254' title='bbox 1408 2686 1412 2695; x_wconf 77' lang='grc'>’</span> 
     </span>
     <span class='ocr_line' id='line_1_25' title="bbox 198 2790 1350 2870; baseline 0.001 -14"><span class='ocrx_word' id='word_1_255' title='bbox 198 2805 250 2856; x_wconf 82' lang='grc'><strong>15.</strong></span> <span class='ocrx_word' id='word_1_256' title='bbox 262 2803 380 2856; x_wconf 76' lang='lat' dir='ltr'><strong>Audiens</strong></span> <span class='ocrx_word' id='word_1_257' title='bbox 392 2816 457 2857; x_wconf 79' lang='lat' dir='ltr'><strong>sero</strong></span> <span class='ocrx_word' id='word_1_258' title='bbox 469 2803 625 2858; x_wconf 82' lang='lat' dir='ltr'><strong>l&#39;alduanus</strong></span> <span class='ocrx_word' id='word_1_259' title='bbox 637 2804 816 2870; x_wconf 88' lang='lat' dir='ltr'><strong>impiissimus</strong></span> <span class='ocrx_word' id='word_1_260' title='bbox 827 2807 854 2856; x_wconf 91' lang='lat' dir='ltr'><strong>et</strong></span> <span class='ocrx_word' id='word_1_261' title='bbox 872 2803 946 2869; x_wconf 89' lang='lat' dir='ltr'><strong>ipsos</strong></span> <span class='ocrx_word' id='word_1_262' title='bbox 964 2802 1049 2855; x_wconf 86' lang='lat' dir='ltr'><strong>iactos</strong></span> <span class='ocrx_word' id='word_1_263' title='bbox 1059 2800 1237 2865; x_wconf 80' lang='lat' dir='ltr'><strong>christianos,</strong></span> <span class='ocrx_word' id='word_1_264' title='bbox 1248 2790 1350 2857; x_wconf 70' lang='lat' dir='ltr'><strong>obtuitm</strong></span> 
     </span>
     <span class='ocr_line' id='line_1_26' title="bbox 162 2870 1378 2972; baseline -0.002 -17"><span class='ocrx_word' id='word_1_265' title='bbox 162 2902 301 2956; x_wconf 83' lang='lat' dir='ltr'><strong>crudelior</strong></span> <span class='ocrx_word' id='word_1_266' title='bbox 313 2903 403 2968; x_wconf 86' lang='lat' dir='ltr'><strong>belua,</strong></span> <span class='ocrx_word' id='word_1_267' title='bbox 417 2903 495 2956; x_wconf 84' lang='lat' dir='ltr'><strong>iuriis</strong></span> <span class='ocrx_word' id='word_1_268' title='bbox 507 2904 660 2972; x_wconf 84' lang='lat' dir='ltr'><strong>exagitatus</strong></span> <span class='ocrx_word' id='word_1_269' title='bbox 672 2903 825 2956; x_wconf 76' lang='lat' dir='ltr'><strong>infrenduit</strong></span> <span class='ocrx_word' id='word_1_270' title='bbox 837 2921 845 2968; x_wconf 88' lang='lat'><strong>;</strong></span> <span class='ocrx_word' id='word_1_271' title='bbox 864 2901 1068 2968; x_wconf 83' lang='lat' dir='ltr'><strong>assumptisque</strong></span> <span class='ocrx_word' id='word_1_272' title='bbox 1086 2913 1182 2954; x_wconf 88' lang='lat' dir='ltr'><strong>secum</strong></span> <span class='ocrx_word' id='word_1_273' title='bbox 1201 2910 1266 2966; x_wconf 85' lang='lat' dir='ltr'><strong>quos</strong></span> <span class='ocrx_word' id='word_1_274' title='bbox 1281 2870 1378 2962; x_wconf 58' lang='lat' dir='ltr'><strong>bow</strong></span> 
     </span>
     <span class='ocr_line' id='line_1_27' title="bbox 162 2994 1352 3070; baseline -0.005 -16"><span class='ocrx_word' id='word_1_275' title='bbox 162 3015 228 3055; x_wconf 90' lang='lat' dir='ltr'><strong>suae</strong></span> <span class='ocrx_word' id='word_1_276' title='bbox 241 3003 419 3070; x_wconf 73' lang='lat' dir='ltr'><strong>malignitatis</strong></span> <span class='ocrx_word' id='word_1_277' title='bbox 430 3003 622 3070; x_wconf 86' lang='lat' dir='ltr'><strong>complicibus,</strong></span> <span class='ocrx_word' id='word_1_278' title='bbox 634 3003 725 3056; x_wconf 89' lang='lat' dir='ltr'><strong>locum</strong></span> <span class='ocrx_word' id='word_1_279' title='bbox 738 3016 820 3070; x_wconf 90' lang='lat' dir='ltr'><strong>quem</strong></span> <span class='ocrx_word' id='word_1_280' title='bbox 834 3002 947 3068; x_wconf 82' lang='lat' dir='ltr'><strong>praelati</strong></span> <span class='ocrx_word' id='word_1_281' title='bbox 960 3014 1066 3068; x_wconf 86' lang='lat' dir='ltr'><strong>sumus,</strong></span> <span class='ocrx_word' id='word_1_282' title='bbox 1086 3002 1208 3054; x_wconf 87' lang='lat' dir='ltr'><strong>llontem</strong></span> <span class='ocrx_word' id='word_1_283' title='bbox 1220 2994 1352 3051; x_wconf 69' lang='lat' dir='ltr'><strong>lanciatinl</strong></span> 
     </span>
     <span class='ocr_line' id='line_1_28' title="bbox 160 3089 1355 3171; baseline -0.008 -16"><span class='ocrx_word' id='word_1_284' title='bbox 160 3103 334 3170; x_wconf 82' lang='lat' dir='ltr'><strong>cognomine,</strong></span> <span class='ocrx_word' id='word_1_285' title='bbox 347 3102 417 3156; x_wconf 89' lang='lat' dir='ltr'><strong>duce</strong></span> <span class='ocrx_word' id='word_1_286' title='bbox 429 3104 537 3167; x_wconf 81' lang='lat' dir='ltr'><strong>eodem,</strong></span> <span class='ocrx_word' id='word_1_287' title='bbox 550 3116 605 3170; x_wconf 90' lang='lat' dir='ltr'><strong>quo</strong></span> <span class='ocrx_word' id='word_1_288' title='bbox 617 3104 750 3171; x_wconf 88' lang='lat' dir='ltr'><strong>agebatur</strong></span> <span class='ocrx_word' id='word_1_289' title='bbox 761 3108 790 3156; x_wconf 92' lang='lat' dir='ltr'><strong>et</strong></span> <span class='ocrx_word' id='word_1_290' title='bbox 807 3104 874 3169; x_wconf 86' lang='lat' dir='ltr'><strong>ipse,</strong></span> <span class='ocrx_word' id='word_1_291' title='bbox 887 3100 1007 3165; x_wconf 86' lang='lat' dir='ltr'><strong>diabolo,</strong></span> <span class='ocrx_word' id='word_1_292' title='bbox 1026 3100 1104 3153; x_wconf 91' lang='lat' dir='ltr'><strong>adire</strong></span> <span class='ocrx_word' id='word_1_293' title='bbox 1119 3098 1268 3153; x_wconf 89' lang='lat' dir='ltr'><strong>contendit.</strong></span> <span class='ocrx_word' id='word_1_294' title='bbox 1284 3089 1355 3147; x_wconf 59' lang='grc' dir='ltr'><strong>ΕΜ</strong></span> 
     </span>
     <span class='ocr_line' id='line_1_29' title="bbox 160 3195 1358 3268; baseline -0.007 -13"><span class='ocrx_word' id='word_1_295' title='bbox 160 3201 263 3268; x_wconf 90' lang='lat' dir='ltr'><strong>quippe</strong></span> <span class='ocrx_word' id='word_1_296' title='bbox 273 3203 340 3255; x_wconf 88' lang='lat' dir='ltr'><strong>bora</strong></span> <span class='ocrx_word' id='word_1_297' title='bbox 352 3203 468 3268; x_wconf 87' lang='lat' dir='ltr'><strong>angelus</strong></span> <span class='ocrx_word' id='word_1_298' title='bbox 482 3203 588 3257; x_wconf 87' lang='lat' dir='ltr'><strong>bomini</strong></span> <span class='ocrx_word' id='word_1_299' title='bbox 602 3203 682 3256; x_wconf 89' lang='lat' dir='ltr'><strong>bcato</strong></span> <span class='ocrx_word' id='word_1_300' title='bbox 694 3202 818 3256; x_wconf 71' lang='lat' dir='ltr'><strong>Haurino</strong></span> <span class='ocrx_word' id='word_1_301' title='bbox 828 3202 856 3254; x_wconf 89' lang='lat' dir='ltr'><strong>in</strong></span> <span class='ocrx_word' id='word_1_302' title='bbox 868 3202 929 3253; x_wconf 83' lang='lat' dir='ltr'><strong>visu</strong></span> <span class='ocrx_word' id='word_1_303' title='bbox 939 3212 1086 3266; x_wconf 82' lang='lat' dir='ltr'><strong>apparens.</strong></span> <span class='ocrx_word' id='word_1_304' title='bbox 1107 3197 1244 3265; x_wconf 82' lang='lat' dir='ltr'><strong>praedixit</strong></span> <span class='ocrx_word' id='word_1_305' title='bbox 1253 3195 1277 3249; x_wconf 88' lang='lat' dir='ltr'><strong>ei</strong></span> <span class='ocrx_word' id='word_1_306' title='bbox 1287 3197 1358 3256; x_wconf 61' lang='lat' dir='ltr'><strong>etot*</strong></span> 
     </span>
     <span class='ocr_line' id='line_1_30' title="bbox 162 3284 1359 3369; baseline -0.008 -17"><span class='ocrx_word' id='word_1_307' title='bbox 162 3299 249 3353; x_wconf 88' lang='lat' dir='ltr'><strong>sionis</strong></span> <span class='ocrx_word' id='word_1_308' title='bbox 261 3313 327 3353; x_wconf 87' lang='lat' dir='ltr'><strong>suae</strong></span> <span class='ocrx_word' id='word_1_309' title='bbox 340 3301 452 3355; x_wconf 79' lang='lat' dir='ltr'><strong>mmlum</strong></span> <span class='ocrx_word' id='word_1_310' title='bbox 466 3309 492 3354; x_wconf 90' lang='lat' dir='ltr'><strong>et</strong></span> <span class='ocrx_word' id='word_1_311' title='bbox 505 3302 624 3369; x_wconf 85' lang='lat' dir='ltr'><strong>qualiter</strong></span> <span class='ocrx_word' id='word_1_312' title='bbox 636 3300 678 3354; x_wconf 80' lang='lat' dir='ltr'><strong>sel</strong></span> <span class='ocrx_word' id='word_1_313' title='bbox 690 3314 746 3368; x_wconf 88' lang='lat' dir='ltr'><strong>quo</strong></span> <span class='ocrx_word' id='word_1_314' title='bbox 767 3300 842 3353; x_wconf 84' lang='lat' dir='ltr'><strong>exitu</strong></span> <span class='ocrx_word' id='word_1_315' title='bbox 864 3298 985 3366; x_wconf 75' lang='lat' dir='ltr'><strong>martyrii</strong></span> <span class='ocrx_word' id='word_1_316' title='bbox 1006 3297 1125 3364; x_wconf 88' lang='lat' dir='ltr'><strong>palmam</strong></span> <span class='ocrx_word' id='word_1_317' title='bbox 1139 3296 1169 3349; x_wconf 92' lang='lat' dir='ltr'><strong>in</strong></span> <span class='ocrx_word' id='word_1_318' title='bbox 1181 3284 1359 3363; x_wconf 72' lang='lat' dir='ltr'><strong>procinctui</strong></span> 
     </span>
     <span class='ocr_line' id='line_1_31' title="bbox 161 3374 1412 3465; baseline -0.007 -15"><span class='ocrx_word' id='word_1_319' title='bbox 161 3404 239 3450; x_wconf 86' lang='lat' dir='ltr'><strong>turus</strong></span> <span class='ocrx_word' id='word_1_320' title='bbox 252 3398 321 3451; x_wconf 90' lang='lat' dir='ltr'><strong>ioret</strong></span> <span class='ocrx_word' id='word_1_321' title='bbox 333 3399 505 3465; x_wconf 86' lang='lat' dir='ltr'><strong>apertissime</strong></span> <span class='ocrx_word' id='word_1_322' title='bbox 516 3400 677 3452; x_wconf 74' lang='lat' dir='ltr'><strong>insinuavit.</strong></span> <span class='ocrx_word' id='word_1_323' title='bbox 690 3398 808 3452; x_wconf 71' lang='lat' dir='ltr'><strong>veniens</strong></span> <span class='ocrx_word' id='word_1_324' title='bbox 825 3398 927 3465; x_wconf 91' lang='lat' dir='ltr'><strong>quippe</strong></span> <span class='ocrx_word' id='word_1_325' title='bbox 938 3394 1098 3449; x_wconf 77' lang='lat' dir='ltr'><strong>l&#39;alduanus</strong></span> <span class='ocrx_word' id='word_1_326' title='bbox 1108 3394 1144 3447; x_wconf 90' lang='lat' dir='ltr'><strong>ad</strong></span> <span class='ocrx_word' id='word_1_327' title='bbox 1156 3393 1247 3448; x_wconf 88' lang='lat' dir='ltr'><strong>locum</strong></span> <span class='ocrx_word' id='word_1_328' title='bbox 1257 3403 1308 3445; x_wconf 82' lang='lat' dir='ltr'><strong>unt</strong></span> <span class='ocrx_word' id='word_1_329' title='bbox 1317 3374 1393 3441; x_wconf 65' lang='lat' dir='ltr'><strong>tub!</strong></span> <span class='ocrx_word' id='word_1_330' title='bbox 1409 3390 1412 3401; x_wconf 88' lang='grc'><em>“</em></span> 
     </span>
     <span class='ocr_line' id='line_1_32' title="bbox 160 3484 1365 3565; baseline -0.002 -16"><span class='ocrx_word' id='word_1_331' title='bbox 160 3497 218 3552; x_wconf 90' lang='lat' dir='ltr'><strong>suis</strong></span> <span class='ocrx_word' id='word_1_332' title='bbox 232 3498 289 3562; x_wconf 82' lang='lat' dir='ltr'><strong>pari</strong></span> <span class='ocrx_word' id='word_1_333' title='bbox 302 3499 507 3565; x_wconf 83' lang='lat' dir='ltr'><strong>conspiratione</strong></span> <span class='ocrx_word' id='word_1_334' title='bbox 520 3500 682 3559; x_wconf 84' lang='lat' dir='ltr'><strong>nitentibus,</strong></span> <span class='ocrx_word' id='word_1_335' title='bbox 697 3511 779 3552; x_wconf 86' lang='lat' dir='ltr'><strong>mane</strong></span> <span class='ocrx_word' id='word_1_336' title='bbox 790 3499 878 3565; x_wconf 88' lang='lat' dir='ltr'><strong>primo</strong></span> <span class='ocrx_word' id='word_1_337' title='bbox 890 3495 1011 3549; x_wconf 78' lang='lat' dir='ltr'><strong>uibunal</strong></span> <span class='ocrx_word' id='word_1_338' title='bbox 1020 3495 1073 3548; x_wconf 86' lang='lat' dir='ltr'><strong>sibi</strong></span> <span class='ocrx_word' id='word_1_339' title='bbox 1081 3495 1111 3546; x_wconf 90' lang='lat' dir='ltr'><strong>in</strong></span> <span class='ocrx_word' id='word_1_340' title='bbox 1120 3494 1182 3547; x_wconf 83' lang='lat' dir='ltr'><strong>roro</strong></span> <span class='ocrx_word' id='word_1_341' title='bbox 1194 3492 1280 3561; x_wconf 85' lang='lat' dir='ltr'><strong>parari</strong></span> <span class='ocrx_word' id='word_1_342' title='bbox 1288 3484 1365 3556; x_wconf 68' lang='lat' dir='ltr'><strong>institi</strong></span> 
     </span>
     <span class='ocr_line' id='line_1_33' title="bbox 166 3580 1371 3663; baseline -0.006 -15"><span class='ocrx_word' id='word_1_343' title='bbox 166 3594 314 3663; x_wconf 85' lang='lat' dir='ltr'><strong>missisque</strong></span> <span class='ocrx_word' id='word_1_344' title='bbox 327 3596 540 3663; x_wconf 83' lang='lat' dir='ltr'><strong>apparitoribus.</strong></span> <span class='ocrx_word' id='word_1_345' title='bbox 553 3605 663 3651; x_wconf 87' lang='lat' dir='ltr'><strong>sanctos</strong></span> <span class='ocrx_word' id='word_1_346' title='bbox 676 3600 722 3650; x_wconf 87' lang='lat' dir='ltr'><strong>bei</strong></span> <span class='ocrx_word' id='word_1_347' title='bbox 735 3598 764 3650; x_wconf 95' lang='lat' dir='ltr'><strong>in</strong></span> <span class='ocrx_word' id='word_1_348' title='bbox 776 3604 925 3662; x_wconf 85' lang='lat' dir='ltr'><strong>conspectu</strong></span> <span class='ocrx_word' id='word_1_349' title='bbox 944 3607 994 3648; x_wconf 88' lang='lat' dir='ltr'><strong>suo</strong></span> <span class='ocrx_word' id='word_1_350' title='bbox 1012 3593 1184 3660; x_wconf 85' lang='lat' dir='ltr'><strong>praesentari</strong></span> <span class='ocrx_word' id='word_1_351' title='bbox 1197 3592 1267 3657; x_wconf 91' lang='lat' dir='ltr'><strong>lecit,</strong></span> <span class='ocrx_word' id='word_1_352' title='bbox 1278 3580 1371 3656; x_wconf 71' lang='lat' dir='ltr'><strong>questi</strong></span> 
     </span>
     <span class='ocr_line' id='line_1_34' title="bbox 166 3685 1373 3762; baseline -0.006 -15"><span class='ocrx_word' id='word_1_353' title='bbox 166 3694 283 3748; x_wconf 87' lang='lat' dir='ltr'><strong>aliorum</strong></span> <span class='ocrx_word' id='word_1_354' title='bbox 297 3707 392 3747; x_wconf 85' lang='lat' dir='ltr'><strong>necem</strong></span> <span class='ocrx_word' id='word_1_355' title='bbox 404 3708 419 3747; x_wconf 89' lang='lat' dir='ltr'><strong>a</strong></span> <span class='ocrx_word' id='word_1_356' title='bbox 432 3709 461 3748; x_wconf 88' lang='lat' dir='ltr'><strong>se</strong></span> <span class='ocrx_word' id='word_1_357' title='bbox 473 3696 592 3749; x_wconf 86' lang='lat' dir='ltr'><strong>directos</strong></span> <span class='ocrx_word' id='word_1_358' title='bbox 602 3703 630 3749; x_wconf 90' lang='lat' dir='ltr'><strong>et</strong></span> <span class='ocrx_word' id='word_1_359' title='bbox 643 3697 716 3762; x_wconf 91' lang='lat' dir='ltr'><strong>ipsos</strong></span> <span class='ocrx_word' id='word_1_360' title='bbox 728 3695 762 3749; x_wconf 89' lang='lat' dir='ltr'><strong>ad</strong></span> <span class='ocrx_word' id='word_1_361' title='bbox 774 3694 855 3749; x_wconf 85' lang='lat' dir='ltr'><strong>bdem</strong></span> <span class='ocrx_word' id='word_1_362' title='bbox 872 3707 1022 3748; x_wconf 77' lang='lat' dir='ltr'><strong>conversos</strong></span> <span class='ocrx_word' id='word_1_363' title='bbox 1043 3694 1072 3746; x_wconf 91' lang='lat' dir='ltr'><strong>in</strong></span> <span class='ocrx_word' id='word_1_364' title='bbox 1090 3692 1230 3747; x_wconf 86' lang='lat' dir='ltr'><strong>cnristum</strong></span> <span class='ocrx_word' id='word_1_365' title='bbox 1247 3685 1373 3743; x_wconf 74' lang='lat' dir='ltr'><strong>credidere</strong></span> 
     </span>
     <span class='ocr_line' id='line_1_35' title="bbox 166 3781 1375 3862; baseline -0.007 -17"><span class='ocrx_word' id='word_1_366' title='bbox 166 3800 340 3861; x_wconf 75' lang='lat' dir='ltr'><strong>cognoverat.</strong></span> <span class='ocrx_word' id='word_1_367' title='bbox 362 3793 400 3846; x_wconf 85' lang='lat' dir='ltr'><strong>td</strong></span> <span class='ocrx_word' id='word_1_368' title='bbox 422 3808 493 3862; x_wconf 87' lang='lat' dir='ltr'><strong>quos</strong></span> <span class='ocrx_word' id='word_1_369' title='bbox 515 3796 602 3861; x_wconf 88' lang='lat' dir='ltr'><strong>primo</strong></span> <span class='ocrx_word' id='word_1_370' title='bbox 623 3794 725 3848; x_wconf 83' lang='lat' dir='ltr'><strong>sedens</strong></span> <span class='ocrx_word' id='word_1_371' title='bbox 745 3809 796 3862; x_wconf 91' lang='lat' dir='ltr'><strong>pro</strong></span> <span class='ocrx_word' id='word_1_372' title='bbox 815 3794 947 3849; x_wconf 85' lang='lat' dir='ltr'><strong>tribunali</strong></span> <span class='ocrx_word' id='word_1_373' title='bbox 968 3792 1016 3846; x_wconf 90' lang='lat' dir='ltr'><strong>tali</strong></span> <span class='ocrx_word' id='word_1_374' title='bbox 1034 3792 1129 3860; x_wconf 83' lang='lat' dir='ltr'><strong>dirigit</strong></span> <span class='ocrx_word' id='word_1_375' title='bbox 1146 3804 1215 3845; x_wconf 87' lang='lat' dir='ltr'><strong>suae</strong></span> <span class='ocrx_word' id='word_1_376' title='bbox 1225 3781 1375 3844; x_wconf 75' lang='lat' dir='ltr'><strong>crudelitatis</strong></span> 
     </span>
     <span class='ocr_line' id='line_1_36' title="bbox 168 3870 1410 3960; baseline -0.001 -17"><span class='ocrx_word' id='word_1_377' title='bbox 168 3891 320 3945; x_wconf 70' lang='lat' dir='ltr'><strong>retuterunt:</strong></span> <span class='ocrx_word' id='word_1_378' title='bbox 343 3894 425 3955; x_wconf 71' lang='lat' dir='ltr'><strong>otis,</strong></span> <span class='ocrx_word' id='word_1_379' title='bbox 444 3895 543 3960; x_wconf 74' lang='lat' dir='ltr'><strong>inqui,</strong></span> <span class='ocrx_word' id='word_1_380' title='bbox 567 3897 688 3948; x_wconf 68' lang='lat' dir='ltr'><strong>vestras</strong></span> <span class='ocrx_word' id='word_1_381' title='bbox 708 3897 826 3948; x_wconf 74' lang='lat' dir='ltr'><strong>memes</strong></span> <span class='ocrx_word' id='word_1_382' title='bbox 848 3892 961 3948; x_wconf 68' lang='lat' dir='ltr'><strong>teser</strong></span> <span class='ocrx_word' id='word_1_383' title='bbox 983 3896 1048 3946; x_wconf 72' lang='lat' dir='ltr'><strong>nm</strong></span> <span class='ocrx_word' id='word_1_384' title='bbox 1070 3889 1198 3944; x_wconf 65' lang='lat' dir='ltr'><strong>motae</strong></span> <span class='ocrx_word' id='word_1_385' title='bbox 1213 3870 1410 3943; x_wconf 63' lang='lat' dir='ltr'><strong>mmmm!</strong></span> 
     </span>
     <span class='ocr_line' id='line_1_37' title="bbox 168 3988 1381 4059; baseline -0.002 -16"><span class='ocrx_word' id='word_1_386' title='bbox 168 3992 296 4054; x_wconf 71' lang='lat' dir='ltr'><strong>irruerit.</strong></span> <span class='ocrx_word' id='word_1_387' title='bbox 309 3995 368 4045; x_wconf 83' lang='lat' dir='ltr'><strong>out</strong></span> <span class='ocrx_word' id='word_1_388' title='bbox 379 4006 458 4059; x_wconf 82' lang='lat' dir='ltr'><strong>qrme</strong></span> <span class='ocrx_word' id='word_1_389' title='bbox 467 4006 520 4047; x_wconf 80' lang='lat' dir='ltr'><strong>cos</strong></span> <span class='ocrx_word' id='word_1_390' title='bbox 534 3993 663 4046; x_wconf 69' lang='lat' dir='ltr'><strong>tinentia</strong></span> <span class='ocrx_word' id='word_1_391' title='bbox 675 3993 870 4048; x_wconf 63' lang='lat' dir='ltr'><strong>commuto:</strong></span> <span class='ocrx_word' id='word_1_392' title='bbox 879 4006 977 4047; x_wconf 68' lang='lat' dir='ltr'><strong>mse</strong></span> <span class='ocrx_word' id='word_1_393' title='bbox 985 3991 1030 4045; x_wconf 82' lang='lat' dir='ltr'><strong>mi</strong></span> <span class='ocrx_word' id='word_1_394' title='bbox 1042 3993 1109 4046; x_wconf 69' lang='lat' dir='ltr'><strong>mm</strong></span> <span class='ocrx_word' id='word_1_395' title='bbox 1115 3988 1305 4058; x_wconf 66' lang='lat' dir='ltr'><strong>pestifoemn</strong></span> <span class='ocrx_word' id='word_1_396' title='bbox 1314 3994 1381 4041; x_wconf 66' lang='lat' dir='ltr'><strong>erut</strong></span> 
     </span>
     <span class='ocr_line' id='line_1_38' title="bbox 167 4086 1382 4157; baseline -0.003 -16"><span class='ocrx_word' id='word_1_397' title='bbox 167 4102 232 4143; x_wconf 81' lang='lat' dir='ltr'><strong>rcm</strong></span> <span class='ocrx_word' id='word_1_398' title='bbox 247 4089 400 4145; x_wconf 69' lang='lat' dir='ltr'><strong>induerit!</strong></span> <span class='ocrx_word' id='word_1_399' title='bbox 420 4091 511 4157; x_wconf 68' lang='lat' dir='ltr'><strong>bigo,</strong></span> <span class='ocrx_word' id='word_1_400' title='bbox 533 4092 581 4149; x_wconf 84' lang='lat' dir='ltr'><strong>ait,</strong></span> <span class='ocrx_word' id='word_1_401' title='bbox 606 4095 728 4144; x_wconf 71' lang='lat' dir='ltr'><strong>rectene</strong></span> <span class='ocrx_word' id='word_1_402' title='bbox 738 4091 902 4157; x_wconf 72' lang='lat' dir='ltr'><strong>juventuti</strong></span> <span class='ocrx_word' id='word_1_403' title='bbox 918 4090 1124 4157; x_wconf 66' lang='lat' dir='ltr'><strong>munta,</strong></span> <span class='ocrx_word' id='word_1_404' title='bbox 1145 4088 1246 4142; x_wconf 81' lang='lat' dir='ltr'><strong>notite</strong></span> <span class='ocrx_word' id='word_1_405' title='bbox 1263 4098 1312 4141; x_wconf 77' lang='lat' dir='ltr'><strong>vos</strong></span> <span class='ocrx_word' id='word_1_406' title='bbox 1330 4086 1382 4136; x_wconf 79' lang='lat' dir='ltr'><strong>ems</strong></span> 
     </span>
     <span class='ocr_line' id='line_1_39' title="bbox 164 4186 1386 4257; baseline -0.004 -15"><span class='ocrx_word' id='word_1_407' title='bbox 164 4187 324 4256; x_wconf 73' lang='lat' dir='ltr'><strong>profuitne</strong></span> <span class='ocrx_word' id='word_1_408' title='bbox 334 4192 438 4244; x_wconf 81' lang='lat' dir='ltr'><strong>scctne</strong></span> <span class='ocrx_word' id='word_1_409' title='bbox 446 4190 561 4244; x_wconf 64' lang='lat' dir='ltr'><strong>rimone</strong></span> <span class='ocrx_word' id='word_1_410' title='bbox 573 4190 750 4257; x_wconf 74' lang='lat' dir='ltr'><strong>implicare.</strong></span> <span class='ocrx_word' id='word_1_411' title='bbox 764 4204 803 4244; x_wconf 87' lang='lat' dir='ltr'><strong>rte</strong></span> <span class='ocrx_word' id='word_1_412' title='bbox 812 4194 843 4244; x_wconf 80' lang='lat' dir='ltr'><strong>et</strong></span> <span class='ocrx_word' id='word_1_413' title='bbox 859 4203 913 4244; x_wconf 80' lang='lat' dir='ltr'><strong>nor</strong></span> <span class='ocrx_word' id='word_1_414' title='bbox 928 4188 1179 4256; x_wconf 55' lang='lat' dir='ltr'><strong>amalpereetis</strong></span> <span class='ocrx_word' id='word_1_415' title='bbox 1190 4200 1263 4242; x_wconf 77' lang='lat' dir='ltr'><strong>cum</strong></span> <span class='ocrx_word' id='word_1_416' title='bbox 1283 4186 1335 4239; x_wconf 86' lang='lat' dir='ltr'><strong>iilo</strong></span> <span class='ocrx_word' id='word_1_417' title='bbox 1347 4191 1386 4235; x_wconf 71' lang='lat' dir='ltr'><strong>oc</strong></span> 
     </span>
     <span class='ocr_line' id='line_1_40' title="bbox 168 4279 1388 4358; baseline -0.002 -18"><span class='ocrx_word' id='word_1_418' title='bbox 168 4290 256 4341; x_wconf 79' lang='lat' dir='ltr'><strong>sirm</strong></span> <span class='ocrx_word' id='word_1_419' title='bbox 267 4290 434 4357; x_wconf 67' lang='lat' dir='ltr'><strong>religionis</strong></span> <span class='ocrx_word' id='word_1_420' title='bbox 445 4289 574 4357; x_wconf 78' lang='lat' dir='ltr'><strong>auspice</strong></span> <span class='ocrx_word' id='word_1_421' title='bbox 586 4290 744 4353; x_wconf 67' lang='lat' dir='ltr'><strong>Haecine,</strong></span> <span class='ocrx_word' id='word_1_422' title='bbox 755 4302 846 4358; x_wconf 61' lang='lat' dir='ltr'><strong>mern</strong></span> <span class='ocrx_word' id='word_1_423' title='bbox 859 4302 920 4343; x_wconf 81' lang='lat' dir='ltr'><strong>noe</strong></span> <span class='ocrx_word' id='word_1_424' title='bbox 928 4289 1003 4342; x_wconf 77' lang='lat' dir='ltr'><strong>soni</strong></span> <span class='ocrx_word' id='word_1_425' title='bbox 1012 4287 1129 4355; x_wconf 77' lang='lat' dir='ltr'><strong>capitis</strong></span> <span class='ocrx_word' id='word_1_426' title='bbox 1140 4300 1213 4341; x_wconf 78' lang='lat' dir='ltr'><strong>esee</strong></span> <span class='ocrx_word' id='word_1_427' title='bbox 1223 4285 1339 4342; x_wconf 63' lang='lat' dir='ltr'><strong>erroris</strong></span> <span class='ocrx_word' id='word_1_428' title='bbox 1348 4279 1388 4337; x_wconf 71' lang='grc' dir='ltr'><strong>πά</strong></span> 
     </span>
     <span class='ocr_line' id='line_1_41' title="bbox 169 4374 1412 4456; baseline -0.002 -18"><span class='ocrx_word' id='word_1_429' title='bbox 169 4386 356 4442; x_wconf 61' lang='lat' dir='ltr'><strong>‹itu-tererentur</strong></span> <span class='ocrx_word' id='word_1_430' title='bbox 363 4389 516 4456; x_wconf 61' lang='lat' dir='ltr'><strong>munt.</strong></span> <span class='ocrx_word' id='word_1_431' title='bbox 529 4390 580 4453; x_wconf 77' lang='lat' dir='ltr'><strong>oui</strong></span> <span class='ocrx_word' id='word_1_432' title='bbox 593 4389 796 4456; x_wconf 83' lang='lat' dir='ltr'><strong>respondentes</strong></span> <span class='ocrx_word' id='word_1_433' title='bbox 811 4389 982 4442; x_wconf 83' lang='lat' dir='ltr'><strong>unanimiter</strong></span> <span class='ocrx_word' id='word_1_434' title='bbox 996 4386 1130 4441; x_wconf 79' lang='lat' dir='ltr'><strong>dixerunt</strong></span> <span class='ocrx_word' id='word_1_435' title='bbox 1140 4389 1205 4456; x_wconf 88' lang='lat' dir='ltr'><strong>regi</strong></span> <span class='ocrx_word' id='word_1_436' title='bbox 1218 4403 1226 4440; x_wconf 91' lang='lat'><strong>:</strong></span> <span class='ocrx_word' id='word_1_437' title='bbox 1245 4388 1309 4442; x_wconf 77' lang='lat' dir='ltr'><strong>Noe</strong></span> <span class='ocrx_word' id='word_1_438' title='bbox 1318 4374 1412 4437; x_wconf 65' lang='lat' dir='ltr'><strong>nuel</strong></span> 
     </span>
     <span class='ocr_line' id='line_1_42' title="bbox 170 4486 1393 4556; baseline -0.002 -15"><span class='ocrx_word' id='word_1_439' title='bbox 170 4500 267 4553; x_wconf 72' lang='lat' dir='ltr'><strong>usquc</strong></span> <span class='ocrx_word' id='word_1_440' title='bbox 288 4489 372 4541; x_wconf 81' lang='lat' dir='ltr'><strong>rrroie</strong></span> <span class='ocrx_word' id='word_1_441' title='bbox 395 4492 541 4542; x_wconf 75' lang='lat' dir='ltr'><strong>emunire</strong></span> <span class='ocrx_word' id='word_1_442' title='bbox 565 4489 647 4542; x_wconf 80' lang='lat' dir='ltr'><strong>riom</strong></span> <span class='ocrx_word' id='word_1_443' title='bbox 673 4488 816 4543; x_wconf 65' lang='lat' dir='ltr'><strong>recitem</strong></span> <span class='ocrx_word' id='word_1_444' title='bbox 838 4487 1063 4554; x_wconf 55' lang='lat' dir='ltr'><strong>commuuimus,</strong></span> <span class='ocrx_word' id='word_1_445' title='bbox 1089 4488 1202 4553; x_wconf 78' lang='lat' dir='ltr'><strong>utpote</strong></span> <span class='ocrx_word' id='word_1_446' title='bbox 1229 4486 1288 4556; x_wconf 76' lang='lat' dir='ltr'><strong>ptri</strong></span> <span class='ocrx_word' id='word_1_447' title='bbox 1312 4493 1393 4553; x_wconf 81' lang='lat' dir='ltr'><strong>opert</strong></span> 
     </span>
     <span class='ocr_line' id='line_1_43' title="bbox 171 4584 1397 4654; baseline 0 -15"><span class='ocrx_word' id='word_1_448' title='bbox 171 4598 324 4640; x_wconf 68' lang='lat' dir='ltr'><strong>»nonum</strong></span> <span class='ocrx_word' id='word_1_449' title='bbox 338 4590 516 4642; x_wconf 58' lang='lat' dir='ltr'><strong>rtosvncrort</strong></span> <span class='ocrx_word' id='word_1_450' title='bbox 529 4586 700 4641; x_wconf 66' lang='lat' dir='ltr'><strong>omittes</strong></span> <span class='ocrx_word' id='word_1_451' title='bbox 716 4588 789 4642; x_wconf 82' lang='lat' dir='ltr'><strong>dent</strong></span> <span class='ocrx_word' id='word_1_452' title='bbox 806 4585 1057 4641; x_wconf 63' lang='lat' dir='ltr'><strong>numicius.</strong></span> <span class='ocrx_word' id='word_1_453' title='bbox 1077 4584 1138 4639; x_wconf 74' lang='lat' dir='ltr'><strong>Sed</strong></span> <span class='ocrx_word' id='word_1_454' title='bbox 1155 4586 1240 4654; x_wconf 77' lang='lat' dir='ltr'><strong>quta</strong></span> <span class='ocrx_word' id='word_1_455' title='bbox 1256 4584 1397 4653; x_wconf 76' lang='lat' dir='ltr'><strong>nobispet</strong></span> 
     </span>
    </p>
   </div>
   <div class='ocr_carea' id='block_1_3' title="bbox 0 0 1556 5498">
    <p class='ocr_par' dir='ltr' id='par_1_3' title="bbox 0 0 1556 5498">
     <span class='ocr_line' id='line_1_44' title="bbox 0 0 1556 5498; baseline 0 0"><span class='ocrx_word' id='word_1_456' title='bbox 0 0 1556 5498; x_wconf 95' lang='lat' dir='ltr'><strong> </strong></span> 
     </span>
    </p>
   </div>
  </div>
 </body>
</html>
