3076 5498
152 291 221 359 312
495 302 620 354 aaran.
639 302 740 354 cona.
757 301 933 353 simoen.
952 300 1034 352 aar.

155 475 352 530 monasterium
364 475 449 527 sancti
471 472 590 540 llaglorii
612 472 687 534 adiit,
710 478 872 525 ornamenta
891 471 976 537 patria
998 471 1034 525 ad
1054 440 1268 525 redimendum¹
1276 471 1327 524 sibi
1338 469 1387 522 dari

156 576 294 631 bumiliter
306 575 460 642 postulavit.
474 576 531 635 tluo
553 573 657 634 audito,
678 573 815 639 monachi,
830 586 865 625 ne
884 573 952 624 tanti
970 570 1022 625 uiri
1047 571 1122 625 lilius
1136 573 1186 626 vel
1207 572 1243 625 ad
1258 571 1383 625 modicum

152 678 316 742 tristaretur,
329 676 420 728 omnia
434 686 504 740 quae
516 678 689 738 acceperant,
703 671 822 738 pretium
837 673 984 737 recepturi,
998 678 1098 738 sponte
1118 672 1153 724 ad
1169 672 1298 725 medium
1310 670 1380 723 dedu·

152 780 263 831 xerunt.
277 778 310 827 at
322 775 378 839 ille,
392 774 465 827 dona
477 779 591 838 paterna
613 784 823 839 recognoscens,
847 771 976 824 auaritiae
996 770 1103 823 facibus
1121 784 1273 835 aecensus,
1291 769 1378 823 vomas

152 877 209 930 suis
223 873 392 938 satellitibus,
406 873 498 926 omnia
510 885 559 939 per
582 873 639 923 vim
661 872 813 936 retrahens,
828 870 928 936 praeda
938 870 1049 936 potitus,
1062 869 1181 923 domum
1196 884 1261 923 cum
1272 868 1392 937 gaudini
1426 904 1428 909 -

154 980 185 1028 ut
196 974 249 1027 sibi
261 973 414 1035 videbatur,
428 985 600 1034 reversurus,
614 984 677 1024 cum
691 970 807 1022 terribili
820 971 923 1035 impetu
934 970 985 1021 iter
997 970 1121 1035 arripere
1132 970 1236 1034 coepit.
1249 971 1303 1033 Quo
1315 967 1368 1029 riso,

156 1074 292 1137 monachi,
306 1073 371 1125 satis
382 1072 471 1125 edocti
490 1071 613 1123 divinum
627 1070 724 1123 adesse
735 1067 896 1136 suffragium
910 1068 958 1121 ubi
971 1068 1049 1120 deest
1060 1068 1229 1127 humanum,
1241 1067 1275 1120 ad
1284 1078 1365 1131 corpus

154 1175 239 1229 sancti
266 1173 386 1242 maglorii
408 1177 592 1225 cucurrerunt
611 1178 637 1224 et
659 1170 773 1223 vocibus
792 1169 919 1233 assiduis,
942 1168 1070 1234 precibus
1089 1168 1249 1230 indefessis,
1270 1166 1363 1233 pulsatis

153 1274 248 1341 signis,
266 1278 391 1325 sanctum
404 1271 561 1338 llaglarium
582 1270 797 1331 lacrimabiliter,
819 1273 849 1321 ut
868 1267 1044 1335 sacrilegium
1064 1266 1228 1331 vindicaret,
1250 1267 1355 1319 income

152 1377 309 1438 coeperunt.
322 1373 437 1424 sanctus
448 1383 514 1424 vero
524 1370 678 1437 llaglorius,
693 1368 804 1421 illorum
816 1372 878 1421 uota
888 1367 955 1419 nibil
970 1370 1102 1431 moratus,
1111 1366 1151 1418 illi
1161 1366 1288 1433 sacrilego
1298 1374 1354 1416 nara
1367 1360 1390 1415 a

153 1485 252 1541 genere
263 1469 413 1537 praedandi
427 1483 456 1522 se
471 1470 605 1535 jactitanti
619 1471 647 1521 in
660 1470 759 1521 itinere
781 1469 909 1527 obviavia
928 1473 955 1520 et
973 1465 1088 1533 cuspide
1101 1467 1194 1520 baculi
1207 1466 1297 1519 librato
1312 1464 1357 1516 ictu

154 1572 298 1625 visibiliter
308 1583 358 1636 per
379 1571 497 1622 mediam
518 1570 635 1622 frontem
657 1568 799 1634 percussit.
819 1570 851 1619 nt
868 1567 923 1631 ille,
943 1578 1143 1633 recognoscens
1162 1579 1244 1619 suum
1262 1568 1355 1624 rann,

156 1670 291 1739 quidquid
305 1671 482 1737 adpraesens
504 1670 631 1737 babebat,
653 1682 714 1722 cum
737 1670 859 1735 paternis
878 1669 957 1723 donis
975 1668 1211 1736 quaeinlegaliter
1223 1670 1357 1727 retraxerat,

154 1773 249 1820 sancto
269 1765 396 1832 llaglorio
418 1766 580 1830 transmisit,
595 1771 622 1818 et
633 1764 706 1817 illius
719 1764 848 1831 precibus
861 1768 887 1816 et
899 1763 994 1829 pietati
1007 1776 1036 1816 se
1049 1763 1258 1827 commendans,
1270 1760 1356 1814 reniam

154 1870 259 1932 petens,
273 1864 399 1917 lacrimas
411 1865 528 1917 ubertim
542 1863 670 1930 lundens,
682 1863 839 1929 turpissima
850 1868 937 1916 morte
946 1863 1029 1915 uitam
1039 1861 1188 1916 exhalarit.
1200 1854 1393 1928 (Sepauabrll

155 1976 268 2017 rursus
276 1963 502 2030 paraenetica).

153 2167 332 2232 Mmacuua
350 2164 384 2230 S.
405 2165 576 2230 Mnauonu
605 2183 685 2231 rosa
712 2182 992 2230 rmusaurrouuu
1010 2183 1090 2231 atus
1107 2182 1144 2230 m
1163 2163 1358 2230 Berraumm

539 2270 619 2354 (cfr.
639 2292 749 2357 supra,
764 2292 796 2356 p.
817 2271 897 2349 305,
918 2272 997 2358 17⁰).

156 2466 207 2523 De
222 2464 376 2534 quodem
387 2462 527 2522 bomine
541 2465 590 2522 ab
611 2464 714 2523 utero
729 2461 860 2521 matris
874 2464 1008 2534 claudo,
1029 2476 1096 2534 per
1117 2460 1360 2535 eugancum

196 2562 312 2622 sancti
340 2561 492 2621 Memini
516 2562 729 2623 contessoris
753 2577 778 2621 a
802 2562 909 2621 beato
938 2560 1118 2634 Maglorio
1147 2554 1391 2622 incolumitatis

191 2660 370 2721 restituto.

184 2860 210 2911 t.
232 2861 295 2911 Post
308 2857 423 2910 multum
437 2870 503 2910 voro
517 2857 647 2923 temporis
659 2862 803 2924 postquam
816 2857 1006 2915 sanctissimus
1018 2859 1162 2914 consessor
1174 2861 1269 2913 Cbristi
1280 2859 1358 2927 tagla

152 2959 209 3010 rius
223 2957 352 3010 bonitatis
364 2971 429 3010 suae
441 2957 610 3011 exhibitione
623 2957 756 3011 scandere
767 2958 875 3011 caelum
888 2964 915 3012 et
928 2958 1004 3012 illam
1016 2971 1099 3024 quam
1113 2960 1235 3014 mundus
1246 2959 1305 3013 dare
1314 2971 1357 3011 non

151 3062 238 3123 potest
249 3057 330 3109 vitam
345 3057 445 3108 meruit
456 3055 594 3120 obtinere,
608 3055 680 3109 inter
692 3055 812 3123 gloriosa
824 3056 965 3122 multaque
977 3058 1090 3122 quaein
1102 3058 1186 3111 terris
1203 3058 1299 3113 dudum
1309 3058 1357 3110 bea

150 3154 255 3208 tissime
268 3155 371 3222 degens
383 3159 511 3221 operatus
524 3161 564 3207 cst
578 3155 718 3215 miracula,
732 3155 875 3222 cujusdam
894 3156 1014 3208 bominis
1027 3154 1127 3221 lllium,
1141 3159 1254 3224 quierat
1264 3152 1390 3211 claudus!

148 3268 183 3307 cx
196 3259 274 3308 utero
284 3254 379 3306 matris
391 3267 466 3316 suae,
490 3253 583 3306 divina
606 3255 799 3320 praeveniente
819 3255 967 3307 clementia
983 3255 1153 3309 incolumem
1175 3256 1299 3311 reddidit.
1316 3254 1355 3309 sed

149 3352 287 3419 quomodo
301 3354 358 3418 ipse
371 3352 443 3405 lilius
456 3353 537 3418 hujus
551 3353 647 3405 salutis
660 3353 813 3405 remedium
831 3352 946 3419 adeptus
963 3359 1015 3419 cst,
1030 3352 1160 3408 ildelibus
1173 3356 1356 3423 procuratione

149 3452 292 3504 innotesci.
307 3452 366 3503 Fuit
379 3456 469 3503 autem
482 3452 611 3504 territorii
630 3453 799 3504 Turonensis
818 3465 852 3504 ex
865 3451 970 3504 familia
982 3447 1117 3507 ecclesiae
1127 3455 1224 3508 domni
1237 3470 1267 3509 ae
1277 3456 1356 3519 beatis·

148 3551 210 3603 simi
223 3549 359 3616 pontilicis
371 3551 498 3618 indigena
513 3567 519 3602 :
533 3552 579 3617 qui
601 3564 650 3616 per
661 3551 768 3605 diversa
786 3564 921 3605 annorum
935 3553 1071 3606 curricula
1086 3555 1117 3606 in
1130 3556 1251 3622 quodam
1263 3554 1354 3617 lectulo,

149 3651 275 3704 cruribus
286 3664 318 3704 ac
330 3651 445 3717 pedibus
466 3658 527 3716 post
538 3657 643 3718 tergum
660 3652 783 3718 reliquae
803 3652 880 3704 carni
892 3652 1018 3717 adnexis,
1032 3652 1184 3721 languidus
1194 3656 1305 3722 jacebat.
1316 3648 1389 3707 moll

152 3761 206 3814 qua
219 3749 324 3801 scilicet
344 3748 525 3801 deformitatis
542 3749 691 3816 gravedine
711 3754 741 3802 ut
761 3750 876 3803 obtentu
900 3751 987 3803 sancti
1004 3751 1114 3803 llartini
1126 3754 1201 3819 apud
1211 3754 1362 3808 clementiam

151 3848 258 3901 bomini
268 3861 416 3913 corporeae
432 3849 621 3902 aestimaretur
633 3849 792 3916 integritati,
811 3863 826 3903 a
839 3854 917 3915 patre
930 3854 956 3902 et
974 3849 1140 3915 parentibus
1152 3851 1227 3907 iulia
1239 3852 1365 3909 ecclesian

146 3949 233 4015 ipsius
246 3948 416 4015 frequentius
429 3949 614 4003 deferebatur.
628 3951 712 4016 Cujus
721 3962 840 4016 namque
852 3949 947 4002 salutis
965 3950 1104 4004 restitutio
1119 3966 1185 4007 cum
1199 3956 1367 4021 protelaretur

150 4052 177 4100 et
188 4053 316 4113 parentes
329 4048 388 4113 ejus
411 4049 643 4114 praestolarentur
663 4056 693 4101 ut
715 4064 797 4115 super
817 4063 880 4102 eum
903 4050 1034 4104 bominus
1051 4053 1162 4106 meritis
1175 4059 1267 4110 saneti
1279 4054 1370 4111 Martini

149 4147 335 4209 misereretur,
350 4147 413 4213 quia
426 4147 459 4199 ad
473 4147 627 4201 sanandum
641 4148 764 4201 nondum
775 4155 888 4202 venerat
901 4150 968 4205 bora
983 4150 1054 4216 eius,
1067 4162 1241 4209 amoverunt
1252 4150 1411 4211 eumiadcss
1426 4202 1428 4209 ,

149 4246 217 4297 etad
231 4246 374 4298 eeclesiam
387 4248 472 4300 sancti
486 4247 588 4307 llilarii,
603 4248 742 4313 quondam
762 4248 876 4301 Pictavis
894 4249 1024 4315 episcopi,
1048 4249 1179 4319 aliasque
1197 4258 1376 4324 quamplures

149 4344 288 4407 ecclesias,
303 4346 354 4397 buc
368 4345 488 4412 illucque
502 4345 704 4400 circumeuntes
718 4349 806 4414 ipsum
829 4347 996 4400 detulerunt.
1017 4349 1126 4412 Quibus
1149 4358 1314 4423 peragratis.
1331 4368 1381 4411 cer·

149 4448 246 4495 nentes
258 4445 330 4509 cpuod
345 4445 384 4498 eis
399 4458 454 4497 non
467 4445 582 4498 cedebat
594 4448 622 4498 in
642 4461 801 4512 prosperum
816 4460 866 4500 nec
879 4446 969 4514 qualia
978 4446 1113 4503 volebant
1125 4455 1289 4526 accidisset,
1301 4458 1383 4511 tristes

147 4540 244 4606 effecti,
259 4545 292 4596 ad
307 4545 416 4611 propria
429 4550 493 4597 sunt
506 4548 627 4612 reversi3
646 4548 807 4614 languidum
826 4562 946 4616 quoquc,
968 4553 999 4601 ut
1011 4556 1095 4603 antea
1118 4556 1385 4625 consummantia
1414 4536 1422 4545 ’
