3076 5498
338 318 432 367 nuno.
451 317 534 367 nar.
555 315 672 366 eunus
691 336 737 347 -
752 315 907 365 nerano.
928 316 975 364 un
991 314 1070 365 oon.
1092 312 1183 365 uno.
1330 298 1375 364 29

185 487 234 538 nam
243 487 409 542 humilitatem
421 491 591 541 assumentes
602 487 790 554 despiciebant
801 499 840 552 se,
854 491 965 553 propter
977 485 1039 539 odia
1047 484 1076 538 in
1088 485 1199 539 caritate
1211 485 1375 539 exerceban-

184 588 223 650 tur,
234 599 272 651 pro
282 586 498 655 iniquaaearitia
511 600 556 641 res
568 599 632 640 suas
644 587 817 640 abundanter
837 584 1025 653 largiebantur
1044 585 1187 651 proximis,
1206 598 1255 651 pro
1272 585 1377 638 uentris

183 685 333 750 superbuiute
343 687 450 754 jejunia
461 686 543 754 longa
555 686 734 752 imponebant
754 685 817 746 sibi,
839 686 874 739 ob
887 683 1089 738 dissolvendam
1107 683 1241 738 luxuriam
1254 685 1377 738 castitate

182 781 389 853 distringebantur.
400 786 447 839 llis
456 792 483 840 et
492 784 591 839 ceteris
601 785 690 848 malis,
703 786 732 837 in
744 783 959 852 quibusdetenti
973 784 1090 848 fuerant,
1101 796 1150 849 per
1159 784 1269 836 beatum
1280 784 1379 837 loban-

158 880 171 930 t
184 892 229 933 neu
239 885 356 937 carebant
367 901 375 950 ;
389 884 447 937 istis
459 890 486 937 et
497 883 559 937 allis
571 884 714 965 bonisper
726 883 803 936 illurn
819 882 989 936 fruebantur.
1004 885 1040 935 lle
1052 882 1152 948 quibus
1164 883 1192 934 in
1205 882 1376 948 temporibus

182 978 221 1033 illis
230 983 340 1038 doctrina
352 985 413 1051 ejus
425 983 573 1038 eluxerunt
584 984 670 1050 aliqui
682 986 736 1037 lleo
754 982 845 1035 induti
862 987 890 1035 et
906 987 971 1036 sunt
988 981 1050 1034 facti
1064 981 1114 1035 viri
1127 987 1222 1036 contra
1237 982 1377 1049 passiones

182 1082 333 1146 monimutes.

205 1181 384 1237 economus
396 1183 508 1250 quidam
522 1185 613 1249 bomo,
627 1184 760 1237 Graianus
776 1183 898 1249 nomine,
917 1195 997 1236 saeua
1009 1183 1106 1247 bestia,
1125 1182 1275 1236 defendere
1288 1183 1380 1235 nitens

180 1278 273 1334 ananam
290 1284 437 1349 pessimam
456 1281 549 1344 fldem,
562 1282 637 1336 venit
656 1282 804 1349 aliquando
822 1289 915 1335 contra
933 1282 1198 1348 constantinopolim
1217 1283 1378 1349 bellaturus,

146 1376 168 1426 lt
180 1376 259 1433 labem
268 1382 496 1436 innumerabilem
509 1394 603 1435 secum
621 1381 694 1435 ferro
714 1386 848 1435 armatum
866 1381 1025 1446 exercitum,
1040 1381 1165 1449 mugiens
1179 1394 1211 1434 ae
1228 1382 1380 1435 uociferans

179 1479 411 1534 narineadrersus
421 1482 526 1548 justum
538 1488 566 1533 et
585 1485 710 1534 sanctum
731 1481 965 1547 fortissimumque
986 1482 1149 1533 existentem
1169 1483 1259 1535 uirum
1276 1483 1376 1535 tonan·

180 1586 234 1631 nen.
243 1581 302 1633 Tota
314 1593 379 1633 vcro
392 1581 693 1646 constantinopolitana
705 1579 799 1632 civitas
817 1580 944 1632 exterrita
956 1584 998 1632 est
1023 1579 1114 1646 agnito
1126 1578 1245 1633 adventu
1257 1580 1380 1646 ejusdem

180 1671 514 1744 brbui.1iocpraevidens
526 1678 643 1731 inuictus
656 1683 683 1731 et
695 1677 840 1746 singularis
852 1684 962 1731 sanctae
974 1678 1111 1732 Ecclesiae
1126 1678 1272 1745 praeliator
1284 1678 1380 1731 beatus

180 1773 299 1844 lohannes,
311 1778 394 1831 simili
407 1777 490 1832 modo
502 1779 541 1831 uti
554 1777 695 1845 quondam
708 1785 818 1832 sanctus
831 1778 925 1838 bavid,
943 1778 1010 1832 fisus
1028 1778 1056 1831 in
1072 1781 1196 1846 domino,
1209 1779 1274 1833 exiit
1284 1785 1380 1833 eontra

146 1869 277 1935 libanum
288 1876 402 1942 Goliam,
415 1878 562 1930 Graianum
575 1877 689 1943 scilicet,
703 1882 729 1930 et
740 1883 878 1944 tamquam
898 1878 988 1931 bonus
1007 1877 1161 1931 decertator
1172 1890 1263 1931 coram
1282 1880 1337 1931 beo
1349 1883 1378 1930 et

180 1974 268 2040 anneis,
280 1977 338 2030 solo
350 1977 476 2043 propriae
488 1951 619 2031 orationis
631 1979 688 2030 ictu
700 1990 869 2042 percussum,
883 1977 1060 2030 cernentibus
1072 1977 1178 2030 cunetis
1191 1978 1238 2044 qui
1251 1978 1374 2046 aderant,

182 2073 357 2130 stravitfaeiem
379 2091 457 2131 suam
470 2078 499 2129 in
519 2081 619 2129 terram
641 2081 723 2143 atque
745 2077 779 2129 ad
800 2077 885 2142 pedes
901 2089 966 2130 suos
978 2090 1065 2144 usque
1077 2077 1246 2141 advolutum,
1261 2078 1378 2131 vinculis

181 2165 351 2241 intellegentiae
364 2175 531 2240 deuinctum,
543 2175 621 2240 quasi
635 2173 771 2240 captivum
783 2173 872 2240 gladio
882 2172 962 2227 duxit
973 2178 1000 2227 ct
1009 2175 1107 2227 obtulit
1118 2177 1172 2229 beo
1184 2180 1212 2229 et
1221 2175 1381 2242 imperatori

182 2268 457 2341 onumoxaequcurbi,
478 2271 628 2327 ostendens
650 2273 701 2325 lroc
722 2272 793 2325 facto
815 2273 943 2326 omnlbus
964 2277 1098 2340 quantum
1118 2275 1204 2340 possit
1224 2274 1378 2330 orthodoxa

147 2360 363 2438 llldesoperibus
372 2374 453 2426 bonis
466 2378 578 2427 armata.

208 2466 370 2540 bonignam
384 2477 426 2525 est
437 2473 519 2525 ctiam
531 2473 583 2526 boc
594 2485 664 2538 opus
676 2471 768 2525 eximii
781 2473 867 2539 patris
876 2472 1010 2527 lobannis
1028 2487 1078 2527 nos
1090 2488 1147 2528 non
1160 2476 1320 2542 praeterire.
1335 2477 1380 2531 Sic

185 2565 259 2632 quippe
270 2570 304 2635 ad,
313 2570 420 2638 agenda
432 2584 571 2624 sacrarum
584 2571 730 2624 missarum
747 2571 891 2625 sollemnia
906 2574 995 2626 stabat
1013 2585 1113 2639 pauens
1130 2586 1163 2626 ac
1176 2573 1246 2626 llxus
1258 2564 1342 2629 corde
1354 2580 1383 2628 et

185 2671 271 2730 torpore
281 2675 346 2736 toto,
368 2672 407 2724 uti
426 2671 527 2724 diuinis
548 2669 692 2724 munditiis
712 2672 905 2740 circumdatus,
928 2672 1004 2725 velut
1024 2673 1092 2726 facie
1112 2674 1145 2726 ad
1164 2673 1261 2727 faciem
1279 2674 1383 2728 videret

187 2758 255 2820 lcum
269 2771 341 2834 Quod
363 2769 459 2838 utique
480 2783 590 2837 semper
611 2770 757 2824 observare
778 2771 858 2824 debet
878 2771 969 2825 omnis
990 2773 1081 2837 bomo,
1095 2773 1170 2826 omni
1192 2772 1382 2839 proculdubio

152 2851 258 2920 ”butte
267 2872 374 2938 propria
387 2872 484 2924 timere
496 2874 579 2924 licum
594 2876 620 2924 et
631 2871 797 2924 uoluntatem
819 2873 879 2937 ejus
897 2872 926 2923 in
943 2871 1071 2925 omnibus
1089 2872 1235 2940 complere,
1249 2873 1296 2938 qui
1311 2877 1383 2926 totus

187 2958 262 3030 ulique
271 2984 375 3037 semper
390 2975 446 3036 cst;
461 2971 509 3024 sed
522 2975 549 3024 et
561 2984 656 3025 omnes
668 2976 785 3036 sanctos,
798 2971 935 3046 inquibus
946 2971 1138 3038 lleuslrabilat‚
1152 2972 1277 3025 similiter
1286 2985 1384 3039 pavere

187 3053 352 3123 dttttomnem
367 3071 516 3124 bominem.
529 3074 605 3124 'func
617 3077 709 3124 tamen
728 3084 777 3136 per
794 3071 886 3123 omnia
907 3069 952 3121 fixi
971 3077 1042 3123 stare
1061 3070 1193 3123 debemus
1206 3085 1238 3124 ac
1254 3075 1381 3136 tremere,

188 3165 418 3222 lltndolaudamus
430 3177 458 3222 et
468 3171 615 3224 adoramus
627 3174 712 3223 Deum
725 3172 768 3222 uel
780 3170 887 3237 aliquos
909 3178 1027 3234 sanctos,
1041 3171 1087 3236 qui
1108 3176 1265 3236 praesentes
1278 3172 1379 3237 ubique

188 3263 246 3324 mlii
256 3267 297 3318 sed
309 3274 335 3321 et
347 3270 453 3322 cunctis
465 3271 583 3323 terrenis
592 3270 675 3322 rebus
688 3271 798 3336 expedit
811 3275 838 3322 et
849 3271 938 3322 causis
952 3277 1041 3322 tacere
1053 3270 1144 3323 divina
1163 3269 1254 3336 aliqua
1266 3282 1381 3335 operan-

156 3344 223 3406 ³⁰²⁸8·
233 3363 328 3445 Qualem
340 3376 433 3421 autern
446 3369 583 3434 scriptura
596 3369 675 3422 nobis
691 3368 801 3422 tradidit
823 3369 979 3421 Samuelem
1001 3369 1095 3432 fuisse,
1109 3369 1170 3421 talis
1188 3375 1246 3423 erat
1258 3370 1302 3421 bic
1314 3371 1380 3431 Deo,

188 3458 297 3519 tnqeliset
318 3468 475 3520 hominibus
497 3469 617 3535 placens,
639 3469 762 3532 dilectus,
786 3469 891 3528 uidens,
913 3482 994 3522 verax
1014 3482 1044 3520 ac
1067 3467 1174 3533 fidelis,
1194 3473 1221 3520 et
1242 3474 1380 3534 tamquam

188 3546 290 3616 liniam
301 3567 463 3632 patriarcba,
477 3568 524 3633 qui
538 3580 588 3620 nos
600 3581 693 3619 secum
705 3572 807 3621 stantes
821 3567 896 3620 boris
913 3568 999 3619 sancti
1021 3567 1146 3619 sacrificii
1159 3567 1271 3634 pavidos
1284 3568 1380 3620 immo·

189 3641 281 3724 hiltinus
291 3670 361 3718 stare
371 3665 494 3731 jubebat,
508 3672 536 3718 et
548 3678 599 3718 nec
612 3667 688 3732 signo
701 3666 811 3732 quidem
825 3665 928 3732 aliquo,
942 3667 1148 3732 quantominus
1166 3665 1259 3728 verbo,
1273 3667 1381 3732 permit·

189 3747 396 3830 uberquemplam
418 3766 580 3818 elericorum
599 3779 656 3818 rem
676 3766 797 3832 aliquam
819 3765 941 3818 indicare
962 3764 1156 3817 assistentibus
1176 3773 1269 3817 sancto
1291 3766 1380 3832 altari,

157 3839 279 3918 &tenpore
296 3864 472 3917 sollemnium
492 3865 638 3917 missarum
664 3865 819 3930 praecipue,
840 3865 935 3917 dicens
955 3865 1035 3930 plena
1057 3878 1118 3917 esse
1140 3865 1263 3925 sacrario,
1280 3866 1383 3918 sanctis

192 3954 272 4024 assidis,
285 3964 316 4016 ab
329 3964 459 4016 invisibili
472 3965 661 4030 acerrimoque
681 3963 759 4017 hoste
779 3963 991 4017 defendentibus
1009 3967 1036 4016 et
1055 3964 1212 4028 juvantibus
1226 3977 1273 4029 per
1285 3971 1384 4018 cuncta

191 4057 324 4129 imitentes,
337 4071 368 4116 ut
385 4064 461 4132 digni
487 4063 552 4117 liant
572 4065 714 4116 sumendis
732 4064 980 4117 inaestimabilibus
997 4064 1176 4117 sacramentis
1194 4063 1382 4129 pretiosissimi

191 4157 280 4218 tttpons
291 4168 316 4215 et
327 4162 469 4229 sanguinis
479 4165 543 4215 lesu
556 4163 663 4214 Christi.
677 4163 717 4215 Ob
729 4175 864 4215 summam
882 4163 965 4228 plane
978 4164 1159 4216 bumilitatem
1173 4176 1249 4215 suam
1269 4163 1384 4215 testaba-

188 4252 220 4301 tur
230 4261 289 4321 quod
300 4261 440 4313 didicisset
453 4262 519 4314 baec
539 4263 575 4313 ita
588 4275 647 4314 esse
667 4263 769 4315 sanctis
791 4263 973 4314 referentibus
995 4264 1129 4328 patribus,
1150 4275 1220 4328 quae
1239 4266 1340 4327 tamen,
1354 4271 1384 4314 ut

140 4354 171 4408 lu
185 4351 274 4411 aliomn
295 4369 402 4426 patrum
425 4375 440 4413 e
460 4362 593 4414 relatione
614 4362 801 4427 eognovimus,
815 4362 872 4427 ipse
893 4362 1072 4428 contemplari
1094 4362 1208 4429 solebat,
1222 4362 1268 4428 qui
1292 4362 1384 4413 multis

179 4457 263 4511 uicibus
275 4461 303 4513 in
315 4463 400 4514 extasi
415 4469 507 4527 raptus
515 4462 645 4515 cernebat
657 4462 795 4514 mirabiles
806 4468 833 4513 et
843 4475 985 4529 praesagas
995 4475 1039 4514 res
1049 4466 1199 4526 stupentes,
1210 4468 1237 4513 et
1248 4466 1309 4526 post
1319 4474 1383 4526 pau·

172 4558 247 4612 lulum
266 4562 374 4615 rediens
395 4562 430 4615 ad
451 4576 489 4626 se,
511 4563 685 4628 praedicabat
705 4562 788 4615 multa
810 4562 901 4615 futura
920 4576 991 4628 quae
1011 4576 1105 4614 rerum
1130 4562 1303 4627 sequentium
1322 4565 1385 4626 post
