3082 5498
342 333 435 384 aran.
455 333 539 384 usn.
559 333 676 385 punis.
711 355 732 365 -
755 333 977 389 areanum
993 333 1071 383 con.
1092 330 1183 383 rursu.
1339 319 1380 384 ul

186 503 272 557 timebat
281 507 308 557 et
319 502 456 556 sollicitus
468 502 627 570 invigilabat
638 515 684 567 ne,
697 503 720 555 si
733 502 819 556 hostis
832 501 978 569 insidians,
991 502 1102 556 ostiaria
1112 502 1233 572 segniter
1244 508 1381 571 soporata,

184 600 461 668 huuntirmmperet,
475 614 573 655 somno
595 602 690 655 mortis
711 602 828 656 obrutus
849 602 1022 669 neglegentia
1043 600 1192 668 deperiret.
1208 604 1380 669 Quapropter

186 701 277 754 emim
286 714 334 755 eor
345 714 429 757 suum
441 701 518 754 omni
531 699 665 767 custodia,
679 707 706 754 et
717 701 850 768 templum
864 706 989 755 sanctum
1002 703 1048 755 liei
1062 703 1090 753 in
1108 715 1138 754 se
1151 702 1279 755 illaesum
1292 702 1382 756 illiba·

184 806 263 866 tmpne
273 801 473 867 permundans,
484 814 531 854 uas
542 801 678 854 bonorum
688 814 801 866 operum
812 800 926 854 boribus
936 800 1097 854 adornabat.
1111 802 1299 855 concurrebat
1308 803 1383 855 enim

164 900 267 966 lpopulus
277 907 305 954 et
315 901 412 955 civitas
424 906 479 955 tota
491 900 593 954 cotidie
605 901 771 966 conduebat,
786 907 814 953 ut
826 901 861 954 de
872 902 1029 954 sanctuario
1043 901 1089 954 bei
1102 915 1152 967 per
1164 902 1256 967 ipsum
1268 901 1381 955 oracula

182 998 337 1066 lautissimi
350 1001 484 1068 antiquus
496 1000 613 1067 pupulus
625 1014 674 1067 per
686 1003 805 1066 ltoysen,
818 1006 846 1052 et
857 1001 929 1053 vitae
942 1013 1075 1068 responsa
1093 1002 1275 1067 perciperent.
1289 1002 1383 1054 Sacer-

181 1096 214 1149 los
223 1100 271 1165 ipse
282 1113 408 1154 summus
420 1106 475 1154 tam
488 1112 538 1166 pro
551 1113 580 1153 se
592 1112 676 1166 quam
698 1112 748 1166 pro
766 1101 923 1153 commissis
942 1101 1046 1154 hostias
1064 1102 1120 1154 beo
1132 1100 1244 1166 saepius
1257 1099 1385 1153 immola·

181 1198 217 1257 lat
226 1204 248 1251 et
258 1200 344 1266 legem
355 1200 403 1252 bei
415 1199 449 1252 ad
463 1200 620 1253 iaciendum
633 1212 692 1252 eam
706 1199 877 1253 decathedra
885 1199 1017 1253 eeclesiae
1026 1199 1198 1266 perdocebat.
1213 1201 1252 1252 ita
1263 1199 1384 1253 vestibus

180 1296 243 1348 taron
253 1297 377 1362 pretiosis
390 1303 418 1350 et
437 1298 540 1350 sanetis
560 1297 675 1364 spiritali
699 1298 758 1366 lege
780 1298 950 1364 periungens
973 1297 1079 1352 bomini
1093 1297 1192 1349 Christi
1210 1297 1336 1363 vicarius,
1355 1309 1385 1349 se

150 1396 170 1444 ii
181 1394 245 1459 ipsun
255 1396 370 1449 bostiam
383 1403 517 1462 sanctam,
540 1398 594 1450 beo
616 1396 781 1464 placentem,
795 1394 929 1450 offerebat
951 1410 999 1464 pro
1013 1396 1105 1463 popuii
1124 1396 1212 1449 salute
1225 1396 1253 1449 in
1266 1396 1382 1463 acquisi·

182 1495 258 1548 ionem
268 1496 357 1550 laudis
368 1502 527 1564 perpetuae.
541 1499 618 1550 iiune
631 1499 725 1562 tatem,
739 1502 794 1552 tam
805 1499 909 1566 gloriae
927 1498 1076 1566 singularis
1096 1496 1229 1551 heredem
1241 1500 1313 1550 bens
1326 1497 1384 1563 ipse

183 1593 294 1664 reddebat,
312 1598 361 1664 oui
373 1611 438 1651 enm
450 1603 479 1651 et
499 1604 646 1665 antequam
668 1604 829 1651 nasceretur
850 1599 1047 1665 praeelegerat,
1069 1599 1117 1665 qui
1138 1610 1202 1650 eum
1221 1610 1322 1665 perse,
1335 1609 1384 1663 per

183 1694 295 1748 ministros
306 1696 396 1750 claros
407 1696 509 1750 domus
522 1711 597 1765 suae,
611 1703 638 1751 et
650 1712 712 1751 cum
725 1711 758 1752 eo
770 1698 845 1751 omni
860 1704 983 1764 tempore
1000 1704 1059 1750 erat
1075 1704 1103 1750 et
1115 1697 1307 1764 frequentibus
1317 1710 1383 1751 con·

181 1794 279 1848 mrsihm
291 1796 427 1849 visitabat.
442 1798 496 1850 iios
507 1797 604 1864 fasces,
618 1799 686 1851 haec
697 1799 815 1866 insignia
829 1798 905 1851 urbis
922 1803 1063 1860 aeternae,
1077 1799 1147 1850 hanc
1160 1797 1296 1850 ciuicamt
1307 1809 1385 1851 eoro-

146 1891 381 1949 lhnamlemsalem
394 1909 531 1963 supernae
546 1897 685 1964 quomodo
706 1903 794 1963 potest
815 1897 887 1951 tilius
909 1897 1028 1951 hominis
1039 1897 1141 1950 vermis
1154 1896 1388 1964 apprehenderet

181 1993 239 2055 duod
248 1995 267 2047 si
279 1980 353 2048 dicas
366 2012 372 2048 :
386 1996 424 2049 Et
445 1997 511 2064 ipse
530 1997 621 2065 filius
640 1997 784 2063 beminis,
807 2001 838 2051 et
857 1998 922 2065 epse
944 1997 1177 2066 vermicularum
1190 1997 1286 2063 nuque
1297 1996 1384 2062 dicis3

183 2088 347 2145 sedmiracula
361 2107 411 2159 per
423 2094 521 2147 Filium
544 2097 588 2150 bei
610 2101 637 2150 ei
660 2095 781 2150 bominis
801 2096 957 2163 specialiter
975 2097 1043 2150 iacta
1062 2096 1091 2149 in
1104 2096 1199 2149 amicis
1211 2096 1386 2163 superexcel-

184 2186 235 2252 lunt,
244 2203 289 2244 nec
300 2199 366 2244 sunt
377 2192 539 2258 applicanda
551 2193 698 2248 servilibus
711 2202 738 2248 et
748 2196 820 2249 ldae
832 2196 996 2263 paupertati.
1012 2196 1101 2248 bicam
1116 2195 1236 2256 interim,
1249 2193 1339 2248 dicam
1351 2195 1386 2247 de

184 2298 222 2350 ne,
230 2291 283 2355 poia
292 2305 405 2357 pressus
415 2294 565 2347 sarcinulis
577 2297 763 2362 corruptionis
772 2297 860 2349 avitae
869 2301 881 2336 ⁴
890 2310 940 2349 nee
951 2295 1071 2349 radicem
1082 2295 1158 2348 eaelo
1172 2294 1252 2347 fixam
1266 2292 1386 2346 caritatis

149 2381 229 2449 ”tius
243 2392 356 2444 conabor
377 2393 512 2460 attingere
533 2407 584 2447 nec
604 2395 717 2461 dignum
738 2410 782 2449 me
803 2396 911 2449 fatebor
922 2396 1067 2462 corrigiam
1079 2393 1252 2448 calciamenti
1264 2395 1324 2461 ejus
1334 2393 1386 2447 sol·

184 2489 346 2556 renoscant
358 2498 452 2545 tamen
463 2495 524 2560 ejus
536 2495 728 2559 praeconando
745 2498 866 2565 vestigia,
880 2497 902 2548 si
915 2509 969 2562 qua
984 2498 1054 2549 licus
1067 2495 1222 2548 illuminato
1236 2506 1286 2548 suo
1299 2493 1381 2547 suerit

186 2581 284 2650 tinus
294 2590 450 2646 ostendere.

211 2683 246 2740 18.
257 2690 321 2742 tium
334 2691 416 2759 igitur
430 2693 474 2745 vir
486 2690 531 2747 bei
546 2694 778 2749 inenarrabilibus
788 2703 816 2749 et
827 2694 992 2762 supradietis
1004 2695 1063 2747 dies
1072 2707 1138 2770 suos
1151 2693 1296 2748 virtutibus
1309 2693 1385 2747 omni

188 2781 253 2836 ttudio
263 2787 380 2853 repleret
389 2795 416 2842 et
428 2790 534 2844 lucrum
547 2792 649 2846 bonum
662 2792 697 2845 de
709 2792 817 2846 talentis
829 2793 881 2845 sibi
892 2793 1045 2846 commissis
1059 2793 1130 2847 bono
1143 2793 1258 2845 bomine
1270 2790 1387 2844 fideliter

157 2873 347 2952 ”bouquet
361 2888 554 2954 hospitalitatis
566 2891 685 2945 odicium
697 2894 774 2958 juxta
795 2893 914 2958 Apostoli
934 2898 1108 2958 praeceptum
1128 2892 1262 2945 sollicitus
1275 2887 1388 2943 exhibe·

191 2983 335 3050 lttcontigit
346 2988 430 3040 semel
443 2989 495 3041 sibi
507 2990 648 3052 clericum,
663 2994 841 3044 Fortunatum
856 2993 978 3055 nomine,
1001 2992 1202 3057 supervenisse.
1221 2994 1305 3054 Quem
1330 2989 1386 3054 epi·

191 3085 268 3148 scopus,
280 3087 320 3136 eui
336 3087 380 3138 lex
393 3090 525 3141 canoniea
535 3091 613 3156 jubet
626 3105 722 3143 omnes
736 3092 886 3157 suscipere,
905 3093 1023 3157 benigne
1046 3091 1175 3156 suscepit,
1195 3091 1315 3142 humane
1328 3102 1385 3142 ser·

191 3171 374 3237 hritetviseera
387 3200 470 3252 super
491 3203 554 3242 eum
577 3193 659 3243 totius
681 3193 831 3243 sanctitatis
857 3205 888 3243 ac
909 3192 1016 3256 pietatis
1037 3204 1086 3256 pro
1107 3189 1307 3243 consuetudine
1331 3203 1380 3242 sua

194 3269 241 3327 bom
250 3284 376 3344 patefecit.
399 3291 431 3339 ht
452 3289 509 3354 ilie,
533 3293 787 3344 remunerationem
809 3291 931 3357 cogitans
954 3304 1001 3356 pro
1023 3291 1153 3343 servitute
1172 3296 1309 3355 suscepta,
1323 3303 1386 3343 cum

163 3363 334 3435 &melcomus
347 3391 406 3438 arte
427 3391 612 3454 grammatica,
625 3393 779 3456 cornposuit
796 3404 907 3443 carmen
931 3391 958 3441 in
982 3389 1092 3442 laudem
1116 3391 1202 3455 ipsius
1220 3389 1388 3442 hexametris

197 3479 296 3540 tthptum
307 3489 334 3535 et
346 3490 524 3550 pentametris
536 3491 670 3554 uersibus
685 3504 754 3557 quos
768 3489 811 3542 hie
824 3491 992 3555 subjungere
1005 3502 1106 3556 operae
1120 3490 1237 3555 pretium
1248 3488 1387 3543 duximus.

198 3566 397 3644 llaergocarmen
414 3587 440 3639 id
453 3589 552 3641 dieitur
567 3605 573 3640 :

389 3686 456 3738 Urbs
468 3686 596 3748 virduna,
611 3689 684 3740 brevi
698 3689 821 3755 quamvis
835 3689 971 3741 claudaris
985 3689 1013 3740 in
1026 3690 1136 3755 orbe...
1151 3690 1186 3751 (l)

222 3769 325 3834 litum
346 3785 428 3852 igitur
448 3789 636 3855 prolongatum
664 3791 733 3840 vitae
756 3791 835 3855 hujus
861 3789 1018 3854 incolatum,
1043 3795 1158 3841 rnorlem
1187 3787 1390 3840 delectabiliter

173 3850 328 3946 amittens,
341 3884 388 3937 diu
410 3887 606 3951 patientissime
619 3890 783 3954 [tertulisseh
797 3895 824 3941 et
839 3889 946 3953 pondus
961 3889 1116 3952 impositum
1130 3887 1184 3939 diei
1201 3894 1331 3939 ethesius
1344 3901 1391 3953 spe

202 3965 278 4027 sllotari
288 3980 486 4050 infatigabiliter
496 3985 676 4052 deportasset,
688 3991 714 4038 et
724 3986 851 4039 lacrimas
862 4001 973 4053 quoque
985 3988 1135 4039 crescentis
1145 3986 1245 4038 cotidie
1259 3984 1388 4038 desiderii

203 4074 258 4123 lenm
274 4077 351 4134 bonae
372 4095 404 4134 ac
424 4083 511 4136 laetae
531 4085 727 4137 consolationis
750 4086 897 4149 habuisset,
921 4086 1017 4136 uidens
1039 4085 1165 4137 inimicos
1193 4098 1257 4137 suos
1278 4084 1389 4136 victoria

225 4293 246 4306 ε
256 4277 319 4345 ipius
329 4285 401 4340 add·
411 4288 436 4340 2
449 4315 483 4326 ..
493 4292 505 4328 ³
516 4290 626 4344 unicam
639 4295 664 4346 Ξ,
679 4320 709 4331 -·
722 4298 732 4332 i
744 4293 808 4346 aviii
822 4295 846 4346 ἓ.

225 4466 340 4557 [ΙῚὩΜίωιη
352 4485 424 4538 inter
435 4488 559 4539 venantii
576 4489 712 4541 Fortunati
727 4490 857 4549 earmina,
874 4489 950 4543 Moe.
969 4488 1071 4543 Germ,
1085 4488 1173 4555 Hist,
1195 4488 1271 4554 inb,
1294 4488 1384 4542 Auel.
1484 4529 1485 4532 ,

203 4548 277 4616 illim„
289 4567 343 4633 loth.
358 4570 395 4633 iv,
411 4576 478 4634 part.
492 4583 510 4634 r,
525 4585 550 4635 p.
566 4574 606 4621 75.
708 4554 712 4563 ⁸
