3082 5498
256 340 348 390 ereb.
367 340 451 390 uer.
470 338 588 390 rents.
607 361 653 371 —
668 341 823 390 ueneno.
844 342 891 390 un
907 342 985 391 oon.
1008 339 1097 389 litii.
1242 326 1282 389 81

10 540 12 547 ·
98 507 202 562 uerbo
211 508 346 575 reciperet
367 513 393 562 et
411 509 530 563 fructum
551 508 730 575 inpatientia
750 509 910 574 centuplum
932 514 1095 575 reportaret.
1118 511 1189 563 ltibil
1212 510 1286 577 apud

91 601 348 675 lmnracat3omnia
361 607 501 677 ponderis,
514 608 608 662 omnia
625 608 705 662 nobis
726 607 880 662 redduntur
897 615 995 662 onusta
1016 609 1121 662 solutis.
1142 610 1286 664 Benedica-

80 710 193 774 ttnsetgo
203 707 453 762 misericordiarum
471 713 577 774 patrem
596 711 624 760 et
645 709 729 760 beorn
751 705 837 760 totius
854 707 1051 760 consolationis
1065 706 1223 772 adoremus,
1237 709 1285 774 qui

71 803 110 857 td
119 807 318 862 cumulationem
329 806 410 862 adest
421 808 497 862 omni
509 813 633 872 tempore
643 806 671 859 in
683 807 759 859 omni
772 806 949 859 tribulatione
963 805 1099 860 fidelibus.

25 895 48 947 5
100 907 252 961 «enascitur
262 908 346 976 igitur
366 907 458 961 infans
470 912 531 973 post
544 906 695 960 triennium
713 906 866 959 secundum
886 907 1014 974 angelum
1027 906 1280 974 evangelizantem

58 996 140 1073 longa
150 1012 289 1073 parentum
301 1009 469 1075 exspectatio
482 1007 629 1074 porrigitur
646 1005 824 1070 ineffectum,
839 1005 960 1058 dimetri
973 1006 1089 1073 parienti
1101 1005 1233 1073 gaudium
1250 1006 1286 1058 de

57 1104 173 1173 mitia,
184 1105 220 1160 de
231 1119 361 1175 pressura
373 1106 568 1173 levamentum,
581 1105 703 1174 gaudent
713 1110 741 1158 et
754 1102 904 1170 tripudiant
916 1104 1073 1171 propinqui,
1088 1104 1190 1158 familia
1203 1104 1287 1157 laeta·

55 1197 150 1259 henin
166 1206 305 1273 persultat.
319 1206 361 1259 lit
379 1211 472 1274 matus
492 1207 521 1260 in
540 1206 653 1270 croceis,
667 1206 696 1258 in
716 1203 862 1259 cunabulis
882 1203 981 1269 dulcis,
995 1204 1073 1273 nullo
1091 1217 1195 1269 errore,
1210 1202 1287 1256 nullo

57 1301 154 1358 tinore
165 1304 277 1359 infantia
291 1307 426 1359 innocens
438 1305 625 1359 emolumenta
643 1310 758 1359 naturae
770 1305 901 1359 decurrit.
918 1305 1037 1372 Angelus
1049 1305 1150 1371 qnippe
1163 1303 1210 1371 qui
1223 1316 1288 1357 enm

10 1392 38 1449 ¹⁰
61 1406 301 1470 nnsonntiarerat,
313 1405 340 1458 ei
360 1408 468 1472 praesto
484 1405 518 1458 ad
539 1405 691 1459 custodiam
704 1418 813 1471 semper
825 1405 939 1459 astabat.
953 1403 1163 1471 Transgreditur
1183 1402 1287 1457 lrebdo·

69 1503 163 1557 mathiu
181 1503 323 1569 infantiae,
336 1517 514 1558 succrescens
534 1504 570 1558 ad
593 1503 714 1558 odicium
734 1505 862 1573 linguae3
876 1503 905 1557 llt
923 1503 993 1570 puer
1013 1505 1195 1569 incremento,
1218 1515 1287 1569 puer

70 1598 229 1669 innocentia,
249 1610 376 1659 naturam
394 1604 523 1658 tenellam
546 1604 638 1658 indole
664 1604 830 1671 perornabat
848 1603 1005 1671 praelucida
1016 1607 1035 1656 1.
1049 1606 1132 1657 llatur
1150 1603 1283 1668 puerulus

77 1703 189 1758 toutioni
202 1703 365 1772 sapientiae,
377 1696 558 1759 contubernio
568 1704 695 1772 jungitur
705 1704 942 1769 scholasticorum,
956 1703 1048 1756 baurit
1060 1703 1149 1756 fontes
1161 1702 1284 1768 sophiae,

79 1797 215 1856 modoetia
226 1816 337 1870 semper
349 1803 435 1857 ubera
444 1802 681 1872 fugit‚voluptates
693 1802 816 1855 internas
827 1806 855 1856 et
866 1802 1030 1855 charismata
1043 1800 1157 1856 meliora
1170 1799 1284 1853 sedulus

10 1904 13 1909 '
49 1890 215 1956 innuatur.
225 1904 326 1956 lloctor
337 1902 461 1969 interior,
471 1903 518 1969 qui
531 1915 594 1955 eum
613 1906 783 1969 paenetenus
796 1901 940 1965 imbuerat,
954 1914 1017 1953 curn
1038 1901 1133 1952 aetatis
1153 1911 1283 1952 successu

83 1997 344 2070 commendemus
359 2001 433 2056 clara
444 2002 676 2056 demonstrabat&
685 2001 836 2055 praescitus
848 2007 911 2054 ante
924 2005 1044 2066 uterum,
1057 1998 1241 2053 sanctificatus
1255 1999 1283 2050 in

12 2074 15 2089 Ι
82 2105 147 2168 utero,
157 2102 363 2156 sanctimoniam
375 2107 403 2155 et
415 2101 647 2171 magnificentiam
660 2102 688 2154 in
699 2099 914 2154 sanctificatione
926 2101 974 2153 liei
988 2101 1113 2168 augebat.
1136 2098 1283 2151 libabatur

84 2197 244 2271 nomnibus,
267 2201 384 2257 invidias
404 2206 433 2256 et
451 2202 638 2257 detractiones
662 2200 787 2255 omnium
805 2201 909 2268 gratiae
926 2200 1096 2267 perrorantis
1117 2197 1287 2252 sublimitate

84 2296 188 2354 bebai.

48 2390 74 2445 ὓ
106 2395 264 2454 blransnit
275 2400 305 2453 in
316 2398 413 2453 eadem
432 2399 503 2453 urbe
515 2398 739 2464 ttlrdunensium,
752 2396 899 2465 proficiens
920 2396 955 2450 ad
973 2397 1120 2464 perlectam
1137 2407 1225 2461 usque
1243 2395 1283 2449 in·

86 2505 258 2553 crementorum
269 2504 387 2553 aetatmn
398 2504 426 2553 et
444 2499 570 2553 virtutem
582 2498 675 2551 virtuti
688 2497 819 2562 adiciens,
833 2511 882 2562 per
894 2496 1016 2564 singulos
1029 2495 1130 2563 gradus
1142 2507 1207 2548 snos
1218 2511 1226 2560 ;
1239 2494 1287 2547 liei

84 2591 171 2657 illlitm
181 2597 367 2666 praedicabat,
380 2603 409 2651 et
423 2598 547 2665 stigmata
566 2597 702 2664 passionis
714 2595 812 2649 cbristi
826 2595 854 2646 in
866 2595 989 2662 corporis
1000 2592 1092 2647 afflicti
1105 2607 1186 2647 cruce
1198 2597 1286 2659 porta·

85 2688 255 2751 lottbrrebat
265 2709 329 2751 oum
340 2697 518 2751 inenarrabili
530 2696 629 2765 gaudio
641 2709 690 2763 per
700 2695 772 2750 viam
792 2693 984 2748 mandatorum
1006 2695 1061 2761 liei,
1075 2706 1194 2760 eumque
1212 2706 1286 2745 sem·

85 2800 180 2854 brente
190 2797 287 2851 oculos
299 2797 379 2864 quasi
395 2796 505 2850 decoris
522 2795 650 2862 specular
664 2808 782 2862 ponens,
796 2794 944 2862 imaginem
956 2794 985 2848 in
997 2807 1027 2847 se
1043 2795 1101 2860 liei,
1113 2794 1185 2848 vitiis
1196 2793 1287 2846 defae-

31 2882 341 2960 ·!fetau‚adornatum
362 2902 476 2950 naturae
498 2894 698 2963 primogenitae
720 2895 900 2961 resculpebat.
914 2894 1039 2948 Florebat
1059 2895 1128 2947 sicut
1148 2894 1238 2959 palma
1257 2892 1285 2946 in

84 2990 139 3043 aldis
148 2995 275 3048 ecclesiae
296 3001 323 3049 et
334 2996 412 3063 quasi
424 2996 525 3049 cedrus
537 2996 564 3047 in
585 2996 689 3048 Libano
712 3001 794 3048 totam
807 2994 920 3046 domum
934 2994 979 3047 liei
992 2994 1073 3047 bonis
1091 2992 1222 3046 odoribus
1243 3006 1284 3045 re-

82 3096 210 3162 menelai.
219 3100 456 3152 Perrexeratenm
464 3098 624 3150 meritorum
635 3097 804 3164 speciositas,
813 3102 839 3149 et
851 3096 880 3148 in
890 3095 976 3161 gradu
986 3095 1092 3147 levitico
1106 3094 1289 3146 famulabatur

80 3191 172 3246 autistiti
183 3212 190 3261 3
203 3210 266 3249 cnm
279 3209 343 3250 ecce
355 3197 444 3249 clerus
456 3197 534 3248 urbis
546 3200 574 3249 et
585 3195 701 3262 populns
713 3208 777 3247 enm
790 3196 944 3261 promoveri
965 3193 998 3245 ad
1011 3194 1144 3245 bonorem
1162 3192 1291 3245 sacerdo·

77 3292 102 3344 lii
120 3304 283 3364 expetentes,
304 3298 339 3352 ad
360 3299 504 3353 ecclesiam
526 3299 612 3351 sancti
635 3299 702 3350 l'ctri
725 3297 912 3363 apostolorum
935 3297 1067 3362 principis
1089 3295 1288 3361 perduxerunt,

39 3386 177 3462 ³⁰tttttttme
188 3398 253 3451 inibi
267 3412 330 3452 eum
348 3399 447 3464 gaudio
459 3404 488 3451 et
499 3397 654 3464 praeconiis
671 3398 774 3464 gratiae
794 3397 916 3450 ordinari
930 3396 1064 3449 fecerunt.
1078 3396 1178 3447 Omnes
1195 3402 1287 3447 antem

70 3496 254 3559 demereno
274 3511 323 3551 ore
343 3498 509 3551 cantabant:
525 3497 676 3550 Eualenoi
691 3498 823 3551 electum
841 3496 879 3549 de
894 3495 985 3563 plebe
1005 3508 1084 3561 olco,
1099 3495 1163 3548 oleo
1180 3496 1289 3548 sorceio

67 3605 130 3646 meo
140 3597 215 3649 unxi
224 3610 304 3665 eum,
319 3598 384 3664 quia
394 3611 410 3650 a
421 3598 527 3650 cbristo
539 3597 654 3650 llomino
668 3597 702 3650 de
714 3598 795 3663 plcbc
808 3597 898 3649 luerat
909 3596 1014 3649 electus
1027 3599 1053 3647 et
1065 3594 1125 3647 oleo
1139 3594 1288 3661 spiritualis

62 3696 161 3762 gratiae
172 3697 284 3751 feliciter
296 3701 369 3751 esset
381 3697 525 3751 fovendus.

100 3791 127 3844 0.
142 3795 255 3863 configit
272 3796 378 3849 interea
398 3797 569 3862 episcopum,
582 3794 773 3848 Desideratum
791 3795 911 3861 nomine,
926 3793 1014 3846 oillcio
1035 3806 1097 3846 cum
1111 3793 1164 3847 vita
1176 3791 1288 3859 defungi

10 3895 42 3948 Β
59 3896 93 3945 et
107 3905 287 3948 successorem
301 3895 441 3960 idoneum,
455 3894 585 3948 catbedra
597 3894 729 3948 ecclesiae
749 3894 869 3958 viduatu,
883 3893 997 3960 requiri.
1011 3895 1070 3945 lton
1083 3893 1198 3945 multum
1215 3893 1287 3958 qnod

58 3989 154 4044 aderat
164 3994 312 4059 quaeritur,
327 4007 378 4047 nec
389 3993 437 4047 diu
450 3995 586 4047 sententia
599 3993 697 4046 melior
709 3993 880 4059 ignorantiae
901 3998 980 4044 nocte
993 3989 1127 4044 differtur.
1142 3993 1243 4045 Omnes
1261 3993 1290 4043 in

56 4103 146 4143 unum
157 4097 263 4159 coeunt,
277 4105 373 4145 omnes
387 4093 436 4145 uni
448 4093 477 4145 in
490 4092 626 4145 electione
646 4092 828 4155 incumbunt3
842 4093 897 4143 lieo
906 4091 1021 4155 jubente
1033 4090 1156 4142 ordinari
1169 4091 1202 4143 ad
1222 4104 1288 4156 pon·

56 4188 174 4243 tifioetus
193 4191 294 4244 infulas
313 4192 456 4259 agericum
479 4192 641 4257 deposcunt.
660 4193 784 4256 temptat
796 4203 868 4242 nnus
880 4190 1007 4242 resistere
1019 4189 1157 4255 plurimis,
1171 4189 1287 4242 multum

54 4303 85 4344 ee
103 4291 259 4345 excusando
277 4291 393 4357 laborat,
407 4291 456 4345 sed
470 4292 617 4346 roborante
631 4294 684 4344 lieo
699 4289 852 4356 praevaluit
864 4290 999 4342 sententia
1012 4290 1202 4355 plurimorum.
1217 4292 1288 4342 lleus

10 4396 36 4447 it)
53 4392 131 4445 enim
143 4391 176 4444 ad
191 4404 276 4446 cornu
288 4391 384 4444 salutis
396 4397 490 4446 contra
509 4390 640 4444 malitiam
661 4389 831 4456 erigendum,
846 4388 879 4442 ad
902 4389 1043 4443 munimen
1056 4388 1132 4442 urbis
1151 4387 1286 4441 invalidae

84 4591 182 4644 Num.
196 4591 227 4641 4.
241 4593 249 4628 ¹
261 4592 299 4655 (p.
312 4592 351 4655 p.)
362 4603 403 4655 pr.
419 4602 475 4655 per.
489 4590 514 4642 ἲ.
529 4615 557 4626 -
571 4588 763 4641 2monstrabat
775 4589 801 4641 2.

83 4700 187 4744 mite.
205 4698 296 4741 eneis.
315 4699 340 4739 r.
361 4699 400 4741 ιιι.
