3076 5498
171 317 264 368 nmu.
283 318 364 367 mr.
385 317 499 367 rents.
519 338 564 347 -
581 316 734 367 trenno.
754 316 800 364 nn
817 314 895 367 oon.
916 312 1007 364 rear.
1146 300 1214 366 329

129 499 185 538 non
197 486 243 538 bei
256 486 371 538 uerbum
385 484 499 537 mirifice
521 484 682 551 praedicari,
698 488 704 550 Ι
718 483 838 537 elamore
858 484 921 551 quis
943 488 1016 537 esset
1039 484 1214 552 interrogans

130 683 192 737 iens
204 685 311 737 noviter
322 696 472 737 conversus
486 683 551 736 iiie:
568 682 573 750 Ι
588 684 729 749 Sporum
736 662 1174 750 nomenportanscnrie'aani,
1190 683 1196 747 Ι

130 782 252 836 aberam
264 781 416 848 baptismo
433 781 575 835 merebar
591 779 760 847 baptizari.
776 781 782 846 Ι
802 760 845 833 iic
862 792 935 834 aero
947 780 998 834 dic
1011 781 1072 834 cito
1084 780 1173 848 mibi,
1189 783 1194 848 Ι

130 894 234 949 mpore
244 894 308 936 non
320 880 438 935 vidisti.

130 982 248 1047 pandens
265 982 317 1034 sibi
332 984 367 1047 ta
390 982 477 1048 prima
498 981 636 1033 nativitate
658 981 710 1043 sui,
726 980 731 1046 Ι
746 979 780 1033 ad
804 981 870 1033 naec
891 984 1001 1033 sanctus
1022 981 1214 1048 iiegnobertus

134 1084 139 1148 Ι
154 1083 186 1136 Si
197 1082 370 1137 credideris
382 1094 470 1149 quern
487 1094 539 1147 epo
559 1082 651 1136 credo
669 1081 898 1135 dominatorem
914 1079 1006 1149 caeli,
1022 1081 1027 1144 Ι
1041 1081 1108 1147 aas
1120 1081 1210 1136 miae·

131 1181 245 1243 [asum]
257 1178 397 1246 captabis
411 1179 548 1231 eiciendi.
577 1230 580 1234 Α

130 1278 215 1343 roilli:
232 1278 237 1346 Ι
255 1277 327 1337 Quis
339 1274 570 1344 sitzpsefacior
580 1277 706 1344 olympi,
722 1277 862 1344 {portato
870 1279 906 1330 ni
916 1276 1175 1342 enucle[e]rmiiri.
1191 1278 1196 1346 Ι

129 1385 193 1431 rtem
208 1378 397 1446 Regnobertus
409 1389 588 1443 praesumens
600 1377 651 1428 iuri
666 1381 670 1439 Ι
686 1375 759 1443 quod
772 1379 830 1443 ipsc
843 1383 915 1430 esset
927 1377 1061 1441 Christus,
1075 1376 1148 1430 tilius
1158 1378 1206 1431 bei

130 1483 226 1544 ceptus
237 1478 298 1530 sine
310 1477 416 1530 semine
429 1476 510 1538 virili,
526 1477 530 1542 Ι
547 1483 667 1529 natusex
676 1478 775 1529 itariae
789 1481 868 1530 utero
878 1476 1015 1545 virginali,
1031 1476 1036 1545 Ι
1051 1478 1098 1544 qui
1111 1490 1208 1543 passus

130 1583 176 1629 ute
189 1581 282 1630 nostra
294 1577 344 1629 sub
355 1577 414 1644 lege
425 1577 512 1630 Pontii
533 1576 619 1639 Pilati,
634 1577 640 1642 Ι
655 1581 681 1629 et
698 1589 780 1642 quem
800 1575 896 1629 iudaei
920 1575 1065 1645 infigentes
1085 1577 1208 1644 turpissi-

134 1718 140 1741 ,
157 1675 162 1743 Ι
178 1677 329 1729 resurrexit
340 1680 431 1729 tamen
450 1675 515 1728 inde
528 1675 650 1742 potentia
673 1676 745 1740 iorti,
761 1675 765 1739 Ι
781 1688 888 1728 summa
906 1675 1050 1730 visibiliter
1059 1681 1207 1743 penetrans

130 1781 272 1842 antequam
285 1774 458 1839 ascenderet,
472 1775 588 1841 spiritns
600 1775 718 1827 adventu
740 1775 781 1827 sui
797 1775 802 1841 Ι
817 1774 903 1828 voluit
921 1775 1071 1842 discipuios
1082 1780 1207 1842 paterna·

132 1876 212 1942 inari,
228 1878 233 1940 Ι
248 1876 372 1942 leprosos
386 1874 522 1940 mundari,
539 1874 544 1942 Ι
559 1880 680 1928 mortuos
693 1875 828 1941 suscitari,
844 1873 850 1941 Ι
864 1887 896 1935 ac
907 1888 937 1927 se
948 1875 1099 1942 unicuique
1117 1874 1208 1929 reddi·

130 1988 185 2027 *cns
198 1975 350 2041 praemium
364 1975 451 2028 meriti
467 1975 473 2040 Ι
488 1988 538 2040 per
550 1987 632 2028 omne
646 1974 785 2028 saeculum
799 1975 910 2028 saecuti.

130 2077 261 2139 quarta.
275 2076 396 2127 -Tunc
408 2077 516 2140 caecus
530 2075 631 2128 tatibus
643 2074 744 2127 auditis
756 2087 771 2127 a
784 2073 909 2138 Domino,
925 2073 930 2141 Ι
945 2073 1089 2128 confestim
1102 2074 1206 2141 suppli·

130 2174 241 2226 ›nstrari
253 2173 287 2226 tle
302 2174 483 2241 Regnoberto,
499 2172 505 2240 Ι
520 2173 659 2240 quomodo
677 2174 705 2225 in
725 2174 862 2227 Christum
876 2173 1110 2228 crederetieberet
1121 2173 1206 2227 corde

136 2371 308 2439 respondens
321 2373 393 2426 idem
405 2374 446 2424 rir
459 2372 512 2425 cito
526 2389 533 2424 :
549 2373 554 2436 Ι
577 2373 658 2438 Veni,
672 2384 857 2440 sequererne
868 2372 1008 2440 simplici
1019 2372 1137 2438 animo,
1154 2374 1159 2439 Ι
1173 2375 1204 2427 ei

130 2474 249 2539 uorieai
260 2471 367 2539 facere
377 2471 532 2526 iriaicaba.

130 2586 185 2626 nox
198 2586 247 2638 per
260 2586 372 2626 manum
386 2573 568 2638 apprehenso,
584 2573 589 2636 Ι
604 2579 698 2626 sancto
712 2574 779 2639 patri
792 2574 923 2627 conduxit
936 2574 1080 2640 exuperio.

130 2681 296 2735 imbuiarent
308 2682 336 2733 in
349 2682 448 2734 itinere
461 2681 560 2744 medio,
577 2681 581 2747 Ι
597 2687 744 2748 antequam
757 2683 948 2750 ventremque
961 2683 1038 2736 ibant
1049 2680 1171 2748 castello,
1186 2680 1192 2747 Ι

130 2788 135 2832 t
147 2779 220 2833 oculi
233 2780 349 2833 miseiio.

130 2880 192 2945 »epit
213 2881 313 2946 gratias
333 2880 518 2946 omnipotenti
541 2881 642 2933 referre
662 2880 847 2947 glorificanter
871 2883 925 2949 pio,
942 2882 946 2949 Ι
961 2883 1008 2948 qui
1032 2881 1083 2935 sibi
1108 2881 1201 2935 lumen

131 2977 264 3030 reddebat
276 2978 304 3029 in
318 2978 382 3042 imo,
399 2980 403 3046 Ι
419 2983 445 3030 et
456 2979 503 3045 qui
517 2979 597 3032 beato
610 2980 734 3045 permisit
746 2980 920 3047 itcgnoberto
935 2980 939 3044 Ι
954 2980 1017 3033 talia
1030 2993 1080 3046 per
1098 2979 1203 3047 praetii-

130 3087 168 3125 ·us
181 3079 290 3138 patrare
302 3073 400 3126 eodem
413 3075 440 3125 in
455 3088 548 3141 regno.

130 3186 133 3222 ι
151 3178 243 3224 autem
258 3172 336 3224 iilum
348 3173 382 3225 aci
395 3179 521 3227 sanctum
535 3181 640 3240 patrem
662 3177 721 3240 ejus
735 3176 901 3242 Exuperium
914 3177 1054 3229 fraternali
1067 3178 1168 3241 studio,
1184 3178 1190 3244 Ι

130 3278 147 3322 tt
160 3272 213 3338 ipsi
226 3273 311 3324 nimio
327 3271 332 3337 Ι
347 3275 464 3339 qualiter
476 3274 622 3327 accidisset
634 3276 662 3327 in
676 3276 774 3329 itinere
787 3290 849 3328 cum
862 3276 971 3344 gaudio.

130 3371 269 3436 :nuperius
281 3384 347 3438 erpo
360 3372 475 3425 Domino
490 3372 494 3438 Ι
509 3374 657 3426 conserens
669 3374 765 3450 laudes
776 3376 928 3442 unigenito,
944 3375 949 3441 Ι
965 3389 1020 3442 quo
1038 3375 1205 3442 deprecante

141 3469 268 3536 dignatus
280 3477 322 3522 est
333 3484 494 3524 succurrere
512 3473 584 3526 risui
597 3474 722 3539 perdito;
739 3476 743 3540 Ι
759 3476 906 3541 statimque
918 3476 1005 3541 ipsius
1017 3475 1167 3542 ‹lieispatio
1182 3475 1187 3540 Ι

130 3585 171 3621 um
185 3570 340 3623 ordinando
355 3571 360 3636 Ι
374 3572 548 3624 ostiariorum
562 3572 687 3638 adjunxit
699 3576 847 3628 consortio.

130 3682 179 3734 pue
200 3671 321 3723 crastino
336 3672 342 3734 Ι
357 3672 520 3724 exorcistam
541 3685 618 3724 sacro
640 3673 792 3726 sublimans
814 3673 978 3737 ministerio,
995 3674 999 3742 Ι
1015 3682 1043 3728 et
1062 3689 1144 3729 caeco
1167 3676 1202 3729 dc

130 3767 214 3818 ritatis
224 3767 296 3820 edito
312 3770 316 3832 Ι
332 3769 516 3834 septiformem
528 3771 613 3821 sancti
624 3771 740 3835 Spiritus
747 3772 860 3838 gratiam
870 3773 986 3825 contulit
995 3774 1022 3826 in
1033 3774 1199 3841 baptisterio.

130 3867 269 3918 siccantur
281 3867 352 3919 almo
368 3868 373 3932 Ι
388 3881 458 3933 quae
470 3868 570 3933 scripta
590 3875 717 3921 constant
731 3869 760 3921 in
773 3871 855 3922 nablo
869 3887 875 3922 :
891 3870 897 3938 Ι
911 3873 1075 3926 inlumina
1095 3875 1201 3927 acuitas

145 3965 272 4017 habitas
284 3965 318 4017 in
330 3968 426 4029 caelo,
443 3967 447 4033 Ι
463 3981 500 4019 ne
521 3981 670 4034 uniquam
682 3969 874 4024 obdormiam
884 3973 1006 4038 peccati
1027 3973 1086 4027 leia
1101 3974 1105 4038 Ι
1120 3976 1149 4026 ei
1161 3986 1201 4026 ne

130 4065 198 4117 iicai
223 4064 369 4117 inimicas
388 4079 471 4118 ›netrs
493 4084 501 4119 .·
522 4067 678 4120 *inversas
706 4083 776 4122 enm
793 4071 989 4137 praevalebo.
1007 4073 1011 4138 Ι
1029 4073 1118 4125 Oculi
1137 4073 1200 4125 mei

130 4179 145 4216 a
168 4164 298 4218 Domino
317 4166 385 4225 Deo,
402 4167 407 4230 Ι
425 4167 574 4232 qnoniam
596 4168 662 4234 ipse
681 4170 791 4223 eaeilei
805 4172 902 4238 perier
922 4185 1004 4224 meos
1024 4172 1063 4224 dc
1079 4171 1199 4226 diaboii

130 4363 233 4415 inobis
246 4377 301 4415 non
314 4368 357 4416 est
368 4364 483 4416 aliarum
498 4366 629 4418 virtutum
648 4368 804 4434 praeconio,
820 4368 825 4436 Ι
840 4374 941 4434 quanta
963 4370 1093 4423 miracula
1111 4372 1197 4435 ipsius

133 4463 225 4515 rmino
240 4463 245 4528 Ι
261 4465 451 4529 cunctipotens
464 4467 541 4517 Pater
556 4472 651 4518 sancto
664 4473 839 4520 concesserat
851 4469 999 4532 Exuperio.

130 4561 211 4613 tidem
233 4568 337 4627 septem
358 4563 408 4613 riri
423 4563 516 4630 repleti
530 4564 687 4618 riaemonio.
704 4565 708 4633 Ι
725 4570 853 4619 Parentes
865 4580 961 4623 eorum
974 4567 1118 4625 illuminati
1131 4583 1195 4628 catt-
