3076 5498
1382 36 1395 285 l

159 293 226 359 546
503 306 628 355 aaran.
648 306 751 355 oouo.
771 306 948 367 moroan.
966 305 1049 357 aar.
1392 294 1395 373 ξ

161 476 287 543 itionysii·
302 482 329 528 et
341 488 397 528 soc.
420 475 511 540 (tiit),
533 474 660 526 cerbonii
673 475 763 538 (Ν),
777 474 938 540 chrysanthi
960 479 987 527 et
999 475 1095 527 itariae
1115 477 1206 540 (altr),
1224 476 1354 527 Simoniset

158 578 244 629 tudae
262 589 326 642 app.
346 576 416 640 (240¹
436 579 472 638 et,
494 587 526 626 ex
548 573 690 640 mommo
713 575 828 637 Aurea,
849 575 929 638 litat),
951 574 1079 626 Germani
1100 586 1146 640 ep.
1159 576 1274 640 capuani
1289 575 1353 638 (ahl

121 742 124 747 Ι
159 673 280 739 Quintini
293 673 382 735 (uolt),
396 671 542 722 Malachiae
562 671 650 733 litlot),
672 669 806 723 leonardi
830 670 919 733 (idat),
934 676 1063 736 quattuor
1084 673 1276 725 coronatorum
1289 672 1352 737 (dil
1393 690 1395 695 ’

159 772 265 826 liartini
278 772 380 823 Turon.
393 772 482 833 (lida,
495 771 634 822 Laurentii
655 768 765 821 lluhlin.
779 770 871 833 (altit),
885 769 1021 822 Edmundi
1041 772 1131 834 (288¹),
1151 771 1277 825 Caeciliae
1289 772 1352 835 (wia

160 871 324 924 catharinae
336 871 426 933 (aest),
441 869 564 934 prosperi
576 870 665 932 (olo).

625 1040 916 1048 ,..----.---.

508 1272 716 1384 Appendix
735 1272 785 1358 ad
806 1273 889 1360 cod.
914 1271 1038 1360 3278.

191 1481 311 1547 Possm
328 1500 445 1547 sinorr
462 1483 629 1546 Amuhosn
646 1499 871 1546 ounrumoms
889 1479 970 1563 (Cir.
987 1501 1099 1566 supra,
1119 1502 1151 1566 p.
1172 1483 1248 1559 543,
1267 1481 1328 1567 130).

192 1671 218 1722 1.
237 1669 416 1734 Temporibus
438 1669 596 1721 Diocletiani
617 1673 645 1721 et
665 1668 817 1720 Maximiani
830 1667 1027 1732 imperatorum
1041 1671 1103 1720 erat
1122 1668 1233 1734 quidam
1252 1668 1287 1723 tir
1303 1666 1353 1720 chri

158 1767 350 1831 suauissimus,
369 1768 481 1820 nomine
501 1767 669 1830 Ambrosius,
689 1780 721 1819 ex
743 1766 941 1833 nohiiigenere
964 1766 991 1817 in
1015 1765 1126 1832 Liguria
1139 1768 1274 1834 provincia
1289 1773 1353 1821 ortos.
1393 1834 1395 1849 Ι

156 1869 239 1931 Quem
255 1867 382 1920 [tatianus
396 1879 506 1932 praeses
517 1880 579 1918 cum
593 1866 627 1918 ah
640 1867 768 1931 Hispania
782 1866 883 1918 rediret
894 1865 928 1918 ad
949 1866 1046 1918 urbem
1065 1872 1093 1917 et
1104 1879 1170 1919 earn
1183 1869 1276 1921 virtute
1292 1866 1353 1919 aniui
1392 1876 1395 1931 5

156 1971 184 2018 et
204 1966 327 2030 corporis
349 1965 451 2031 pollere
476 1971 662 2032 cognosceret,
685 1966 735 2017 sihi
764 1966 877 2032 suisque
904 1965 1038 2018 militibus
1063 1966 1220 2030 associavit,
1240 1942 1395 2033 ipsurmpeii

155 2076 249 2117 secum
272 2063 377 2116 ducens
403 2064 436 2115 ad
460 2064 567 2130 urbem,
586 2070 613 2115 et
635 2063 825 2115 centurionem
850 2064 922 2116 inter
945 2062 1100 2116 ceterosad
1125 2064 1257 2127 honorem
1275 2059 1354 2116 rameri

156 2163 264 2229 imperii
277 2163 423 2216 ordinavit.
437 2164 556 2216 Veniens
569 2168 660 2216 autem
673 2163 802 2215 Datianus
815 2165 937 2227 Romam,
957 2177 1018 2216 cum
1038 2162 1073 2215 de
1091 2163 1211 2229 publicis
1227 2170 1254 2217 et
1267 2162 1354 2232 peinais

157 2260 272 2327 negotiis
284 2260 318 2312 ad
331 2273 401 2327 quae
415 2260 514 2311 missus
524 2260 613 2312 tuerat
625 2261 759 2312 rationem
770 2260 920 2326 prudenter
930 2266 957 2312 et
968 2258 1087 2312 ildeliter
1099 2260 1270 2325 reddidisset,
1278 2256 1353 2326 maehi-

155 2359 205 2413 doe
217 2361 251 2413 ah
264 2361 392 2414 universa
413 2362 487 2412 curia
509 2359 600 2413 serbis
623 2366 649 2413 et
669 2359 750 2412 donis
772 2361 874 2413 exstitit
894 2362 1053 2424 honoratus,
1067 2365 1096 2412 et
1118 2361 1148 2414 iu
1165 2356 1353 2428 campanhmt

154 2461 305 2514 exercenda
326 2462 434 2527 puhlica
456 2462 565 2528 negotia
584 2466 611 2514 et
631 2461 728 2514 christi
749 2459 831 2513 iidem
853 2460 999 2513 delendam
1021 2461 1111 2513 estab
1125 2461 1228 2515 eisdem
1240 2452 1380 2527 imperate-tt

154 2560 230 2613 ribus
242 2561 404 2615 destinatus

184 2660 216 2712 2.
230 2661 278 2712 iiic
289 2666 381 2712 autem
394 2675 457 2713 cum
469 2661 498 2712 in
512 2661 675 2713 Ferentinae
688 2661 803 2713 civitatis
822 2659 985 2713 consistorio
1003 2659 1139 2713 resideret
1151 2668 1179 2713 et
1191 2674 1206 2714 a
1219 2657 1353 2728 quhusdt!

152 2759 265 2826 paganis
278 2760 373 2812 heatus
385 2760 545 2813 Ambrosius
556 2760 629 2826 qnod
643 2758 809 2812 christianus
821 2766 894 2812 esset
914 2764 941 2811 et
957 2759 1094 2811 culturam
1108 2760 1226 2813 deorum
1244 2760 1355 2825 respueret

152 2864 295 2910 accusatus
307 2859 412 2926 diisset,
423 2858 505 2924 iussit
517 2859 607 2924 ipsum
619 2864 725 2911 astante
737 2865 836 2911 cuncto
849 2858 949 2923 populo
962 2870 1013 2910 suo
1024 2860 1187 2924 conspectui
1205 2853 1355 2926 praescrihit.

153 2959 274 3022 Cumque
287 2964 474 3023 praesentatus
491 2960 595 3022 suisset,
613 2957 682 3009 dixit
699 2956 732 3009 ad
751 2972 814 3009 eum
829 2974 835 3008 :
852 2959 926 3011 Ouia
945 2960 974 3009 te
985 2969 1108 3023 semper
1120 2958 1156 3012 in
1174 2971 1285 3025 anapno
1299 2944 1383 3007 ditali

151 3057 252 3109 ctione
264 3056 501 3112 hahrrerr'muset
508 3057 633 3121 horrore,
642 3058 759 3110 ηιίνανι·
768 3069 830 3111 >tora
839 3056 1011 3123 sufficimus
1018 3069 1118 3123 quare
1126 3060 1239 3111 eontra
1248 3056 1356 3111 whom

150 3153 295 3207 divorum
306 3158 512 3222 drapustornm
524 3159 553 3209 et
566 3159 706 3208 nostram
724 3155 855 3208 deoru-m
872 3153 1006 3206 aeramina
1019 3166 1162 3220 respuas,
1172 3158 1203 3207 et
1216 3154 1357 3210 Christttttt·

149 3252 204 3319 qui
215 3265 236 3304 o
247 3252 377 3305 Jordaeis
400 3253 483 3319 li'pno
504 3253 621 3320 affictas
634 3256 688 3315 est,
708 3253 821 3306 adores
832 3256 864 3305 et
875 3253 970 3306 colas.
984 3253 1103 3304 Sanctus
1124 3254 1282 3307 Ambrosius
1291 3249 1359 3304 dish:
1392 3274 1395 3329 ς

148 3351 210 3416 Eoo
232 3350 388 3404 Christum
408 3351 502 3404 corde
521 3352 596 3417 eolo,
618 3364 748 3418 carraque
770 3351 905 3404 lortdare
926 3362 988 3404 aon
1012 3361 1108 3404 cesso,
1132 3351 1263 3404 Datianus
1288 3353 1361 3403 auten
1393 3340 1395 3355 '

148 3456 274 3502 sanctum
291 3450 464 3503 Ambrosium
478 3450 586 3503 firmum
600 3451 628 3501 in
642 3450 695 3503 tide
708 3451 806 3503 Christi
827 3450 1006 3516 perspiciens,
1019 3454 1127 3501 astante
1148 3449 1246 3516 popuii
1263 3438 1395 3502 nunu-1

147 3549 222 3612 dine,
236 3550 380 3602 confestim
394 3550 526 3602 hmhrosii
540 3551 659 3603 balteum
681 3551 759 3613 solvi,
770 3558 797 3602 et
819 3556 899 3603 exuto
911 3548 1055 3616 chlamyde
1068 3555 1095 3601 ct
1110 3532 1257 3603 'denudato
1272 3546 1363 3601 miiitiae

148 3653 233 3711 veste,
247 3655 373 3713 torquem
386 3661 497 3700 auream
510 3650 545 3701 de
562 3650 667 3701 cervice
684 3650 744 3714 elus
759 3650 840 3714 iussit
857 3649 969 3715 auferri,
983 3654 1010 3700 et
1028 3648 1134 3700 catenis
1146 3646 1248 3700 ferreis
1263 3648 1364 3698 tinctum

148 3747 177 3797 in
198 3758 337 3798 carcerem
359 3748 437 3809 mitti,
452 3748 584 3800 mandans
606 3754 635 3800 ut
654 3748 747 3800 nullus
768 3748 801 3800 ad
827 3761 891 3800 eum
913 3747 1026 3800 haberet
1050 3746 1222 3812 ingressum,
1243 3751 1270 3800 et
1290 3750 1363 3809 ΜΨ

150 3845 226 3910 panis
246 3859 338 3911 neque
360 3857 431 3911 aqua
452 3847 564 3898 daretur
584 3847 621 3900 ei.
643 3846 697 3898 Sed
719 3848 763 3899 cui
785 3859 836 3913 per
854 3858 977 3898 mensem
998 3844 1133 3913 denegata
1155 3845 1247 3899 luerat
1266 3843 1365 3897 societ&
1388 3868 1391 3873 ·

150 3943 301 4001 hominum.
316 3945 393 3997 cihus
406 3954 434 3997 et
446 3947 597 4000 consolatio
610 3946 672 3998 itala
685 3952 726 3999 est
738 3947 907 4013 angelorum.
1372 3932 1395 3987 Ι

180 4041 210 4094 8.
226 4045 288 4095 Post
309 4057 430 4096 mensem
452 4058 525 4105 tero,
540 4047 640 4111 impius
663 4046 792 4098 llatianus
815 4046 877 4097 iecit
889 4049 1013 4097 sanctum
1026 4043 1216 4107 Ambrosium,
1230 4051 1363 4110 quatiere

147 4142 230 4196 dehat
248 4144 319 4195 tame
337 4145 510 4203 exstinctum.
525 4159 616 4198 coram
635 4159 663 4198 se
682 4146 862 4211 praesentari,
876 4152 903 4197 et
915 4144 986 4197 dixit
996 4144 1031 4197 ad
1052 4156 1117 4197 eum
1135 4143 1364 4207 :Ambrosiam

143 4241 413 4307 picejmenmtem
427 4248 523 4307 traam,
537 4248 566 4297 et
577 4245 725 4312 sacrifica
736 4245 809 4296 diis.
825 4247 940 4296 Sanctus
951 4243 1112 4295 Ambrosius
1131 4241 1201 4295 dixit
1215 4260 1223 4296 ι
1241 4239 1363 4298 arndeo
1391 4306 1395 4335 ¹

147 4353 200 4395 cor
213 4344 297 4394 tustra
313 4342 497 4395 intimatum
514 4346 559 4396 est
576 4357 596 4395 a
613 4347 739 4405 satana,
752 4344 865 4397 totiens
887 4342 966 4394 inihi
977 4341 1110 4396 dicendo
1123 4359 1132 4392 :
1143 4342 1295 4411 Sacrifico
1305 4336 1362 4392 did.
1387 4344 1395 4421 j

147 4440 207 4507 Eoo
219 4441 300 4493 carim
313 4442 459 4509 sacrifico
473 4443 531 4496 Deo
543 4443 748 4509 ontiripotenti
758 4443 813 4509 qui
824 4444 936 4509 repnot
949 4441 983 4493 in
995 4441 1102 4495 caetis.
1117 4442 1250 4495 Datianus
1266 4426 1395 4513 mura!

147 4552 193 4591 sus
205 4538 239 4591 aa
253 4539 452 4592 mrrrresarm:
468 4541 751 4595 oestuoateeumet
764 4542 932 4594 ι’»ιωεωια
943 4539 1094 4607 pontiur
1106 4538 1362 4607 erroneam
1391 4528 1395 4625 j
