3082 5498
190 326 283 377 amc.
303 328 385 377 uir.
405 324 520 376 κως.
539 347 585 356 -
600 324 756 375 nerano.
776 322 823 373 nu
840 324 918 375 con.
938 318 974 373 n.
993 325 1029 372 a.
1050 320 1125 371 1510.
1219 304 1287 370 465

52 508 103 560 per
115 501 241 548 sanctum
254 493 456 561 Sigismondum
469 501 496 546 et
508 495 568 560 ejus
582 494 678 546 merita
691 494 774 558 ipsius
784 494 873 545 risum
886 492 1031 544 restituere
1045 497 1073 542 et
1095 495 1283 556 paupertatem

51 594 174 647 relevare
187 599 228 645 est
241 594 377 660 dignatus,
391 591 511 645 offerens
523 591 643 644 eundem
655 605 770 644 aureum
783 592 816 643 ad
838 591 976 656 quendam
995 589 1082 642 cirom
1107 591 1280 655 bragensem,

51 695 99 760 qni
110 694 187 759 juxta
198 693 280 744 rerba
292 694 365 744 senis
379 691 468 745 eidem
482 692 590 743 mulieri
603 703 639 743 xv
651 704 760 758 grossos
780 695 923 758 argenteos
945 702 993 755 pro
1011 690 1070 754 ipso
1091 700 1174 741 aureo
1188 687 1284 740 tribuit

53 798 80 846 et
91 793 203 845 donavit
215 798 243 844 et
254 792 373 844 eundem
386 804 500 843 aureum
513 790 566 842 sibi
581 804 628 855 pro
641 789 772 842 miraculo
786 789 943 842 reservavit.

10 896 37 946 5
82 890 374 943 ledlreculum.
389 918 420 926 -
433 892 498 942 ltem
518 889 563 941 die
584 901 642 941 xxa
661 889 763 941 mensis
783 889 901 941 octobris
922 887 1021 940 accidit
1034 888 1062 938 in
1083 889 1155 938 Nova
1173 886 1285 937 diritate

51 989 153 1056 oppido
174 1003 260 1055 prope
280 989 384 1055 Lipam,
406 991 457 1052 [ut]
477 990 519 1040 vir
538 987 662 1055 quidam,
684 988 827 1040 lt'iclrolaus
846 990 961 1049 frenus,
988 987 1111 1053 fatigatus
1135 998 1168 1037 ex
1190 984 1283 1036 labore

50 1089 162 1153 diurno,
175 1090 223 1154 qui
237 1090 398 1142 braaaverat
410 1088 552 1141 cervisiam
566 1089 612 1141 illo
625 1087 680 1151 die,
695 1102 809 1153 puerum
824 1088 973 1154 proprium,
996 1086 1143 1139 habentem
1155 1084 1216 1137 dies
1235 1095 1282 1136 vlu

51 1189 148 1241 aetatis
160 1202 236 1250 suae,
249 1201 334 1254 penes
347 1201 376 1240 sc
388 1188 422 1240 de
436 1195 515 1240 nocte
529 1188 558 1239 in
571 1189 640 1240 lecto
653 1189 681 1239 in
695 1189 867 1253 campisterio
881 1188 988 1239 incaute
1009 1186 1171 1239 collocatum
1193 1183 1283 1250 oppri-

52 1293 139 1341 meret
148 1293 175 1339 et
187 1284 342 1341 suffocaret.
356 1291 413 1352 Quo
426 1288 544 1355 cognito,
560 1289 675 1339 multum
689 1288 877 1351 turbulentus,
889 1300 919 1338 se
932 1285 1008 1339 dedit
1019 1284 1137 1338 orationi
1152 1296 1207 1336 una
1220 1296 1283 1335 cum

10 1388 38 1440 0
52 1400 139 1440 uxore
151 1399 211 1452 sua,
223 1385 371 1439 fundentes
383 1387 516 1453 lacrymas
529 1399 577 1451 pro
590 1394 645 1439 tam
659 1386 772 1438 immani
785 1386 889 1439 scolere
902 1383 1085 1449 abundanter,
1093 1397 1124 1436 ac
1134 1383 1284 1436 clamantes

52 1498 118 1538 voce
140 1485 317 1546 lamentabili,
342 1485 446 1537 dictum
468 1498 583 1549 puerum
607 1485 709 1537 sanctis
729 1485 891 1551 martyribus
912 1485 979 1545 l'ito,
1002 1483 1185 1546 wenczeslao,
1210 1480 1285 1534 adal-

51 1582 142 1645 berto,
155 1594 264 1634 necnon
272 1589 369 1663 sancto
382 1580 565 1648 Sigisrnondo,
588 1595 669 1648 quern
692 1582 755 1635 licet
777 1583 921 1634 nominare
942 1582 1092 1643 nescirent,
1106 1585 1197 1633 tamen
1220 1578 1302 1645 qnia=

52 1681 139 1747 ipsius
151 1693 252 1746 corpus
265 1680 408 1733 audierant
422 1682 528 1733 noviter
540 1681 661 1733 allatum·
676 1687 704 1733 et
716 1682 804 1746 ipsum
828 1682 912 1733 multa
933 1680 1065 1733 miracula
1086 1680 1242 1742 facientem,
1256 1678 1285 1729 in
1340 1680 1429 1736 ὀοά.

52 1786 144 1833 mente
157 1793 189 1833 ac
213 1779 359 1833 devotione
372 1781 519 1843 trabebant,
533 1779 658 1833 devotius
670 1779 907 1833 commendarunt.
926 1781 1016 1833 Sancti
1030 1781 1121 1846 itaque
1142 1784 1284 1845 martyres,
1319 1748 1440 1802 ablatum

10 1880 37 1932 5
50 1893 133 1945 super
142 1886 303 1932 cunctorum
317 1879 478 1932 afflictorum
493 1879 715 1932 tribulationibus
728 1879 931 1941 misericordes,
945 1879 1066 1931 lacrimis
1078 1879 1194 1944 permoti
1220 1877 1286 1930 fleu·

51 1979 120 2031 tium
133 1986 216 2044 atque
228 1978 403 2041 ululantium,
425 1985 487 2044 post
505 1980 587 2031 unius
599 1979 677 2044 quasi
701 1980 784 2032 borae
805 1980 924 2045 spatium
946 1990 1032 2044 puero
1053 1989 1183 2043 oppresso
1202 1977 1285 2029 vitam

51 2082 134 2131 abeo
146 2078 274 2131 obtinent
287 2084 313 2130 et
325 2079 417 2131 vivum
429 2079 589 2144 parentibus
604 2079 760 2130 restituunt.
772 2078 811 2129 Fit
823 2077 953 2145 gaudium
966 2078 1125 2143 parentibus
1137 2083 1163 2129 et
1173 2076 1283 2140 amieis;

52 2178 168 2230 ueniunt
181 2178 339 2244 quoquead
358 2182 514 2231 sanctorum
538 2177 641 2229 liminia
652 2180 672 2237 ',
684 2179 831 2243 gratiarum
844 2177 968 2230 actiones
990 2190 1052 2229 cum
1073 2177 1193 2243 lacrimis
1214 2175 1283 2227 reio·
1344 2180 1353 2198 ·
1390 2177 1396 2188 '

53 2284 155 2330 rentes.
178 2276 231 2329 Sed
252 2278 316 2343 quia
342 2276 406 2329 lrnic
426 2277 558 2329 miraculo
582 2290 652 2329 noro
674 2283 701 2329 et
722 2275 798 2342 prius
811 2277 839 2329 in
861 2278 963 2329 nostris
983 2277 1106 2342 partibus
1124 2273 1284 2328 nouandito

10 2378 37 2429 lo
52 2377 175 2430 decanus
189 2383 215 2428 et
228 2376 375 2442 capitulum
389 2380 524 2444 pragense
536 2375 616 2428 tidem
638 2376 764 2441 protinus
785 2376 934 2429 noluerunt
950 2375 1091 2438 adbibere,
1114 2375 1160 2428 sed
1173 2375 1284 2427 commi·

54 2483 151 2527 serunt
163 2475 372 2541 inquisitionem
384 2488 466 2541 super
479 2475 589 2527 veritate
603 2474 665 2526 facti
678 2474 782 2527 decano
803 2475 897 2541 Lyppd
920 2480 946 2527 et
966 2474 1075 2527 duobus
1095 2474 1156 2526 aliis
1169 2474 1281 2540 presby·

54 2576 131 2635 teris,
145 2575 193 2640 qui
207 2580 300 2639 postea
313 2575 513 2640 rescripserunt
526 2574 610 2640 quod,
624 2574 692 2626 facta
707 2574 884 2639 inquisitione
905 2574 1027 2641 diligenti
1048 2587 1080 2627 ac
1101 2573 1184 2638 fideli,
1199 2574 1235 2625 ita
1255 2579 1285 2625 ut

53 2674 250 2739 praescribitur
262 2675 440 2727 invenerunt.

85 2772 180 2823 vnn
191 2770 394 2823 uiraculum.
406 2776 441 2808 '-
452 2770 554 2823 Eodem
571 2776 691 2836 temporo
704 2771 802 2823 accidit
811 2771 884 2836 quod
897 2770 1026 2823 dominns
1039 2772 1142 2823 llincbo
1155 2774 1283 2823 llrussma

10 2868 37 2921 Β
54 2871 194 2923 nominem
211 2869 360 2936 quendam,
374 2871 485 2923 nomine
500 2871 653 2930 ttelconem,
668 2871 695 2921 in
706 2869 806 2936 oppido
825 2872 986 2932 Noclronicz,
1002 2875 1112 2936 propter
1125 2870 1283 2923 forefactum

54 2968 135 3021 morti
148 2969 326 3033 adJudioaret,
339 2970 413 3035 graui
435 2968 576 3021 custodiae
599 2969 727 3031 traderet,
751 2969 923 3021 ferramentis
944 2969 1151 3037 diligentissime
1172 2968 1283 3036 ligatum

54 3074 80 3120 et
92 3067 217 3133 undique
231 3068 429 3120 circumdatum
442 3068 611 3125 custodibus,
626 3081 660 3119 ne
675 3067 768 3134 fugere
790 3074 890 3134 posset.
914 3069 959 3120 llic
973 3081 1034 3120 cum
1058 3068 1238 3120 intellexisset
1249 3067 1284 3119 ab

53 3177 139 3219 uxore
151 3166 262 3229 propria
275 3163 347 3230 quod
363 3170 448 3217 tortor
461 3165 608 3217 advenerat
620 3170 647 3216 et
659 3165 703 3217 die
714 3166 833 3217 crastina
848 3167 917 3218 foret
929 3167 982 3218 vita
1007 3166 1166 3231 privandus,
1181 3177 1284 3217 recom-

55 3263 197 3318 mendavit
221 3278 251 3316 se
275 3264 437 3318 fiducialiter
458 3271 552 3317 sancto
573 3266 754 3332 Sigismondo,
777 3265 896 3318 fundens
925 3267 1062 3319 orationes
1082 3265 1194 3319 devolas
1221 3278 1283 3317 cum

10 3364 38 3415 lo
55 3362 174 3415 lacrimis
188 3375 237 3428 pro
249 3376 299 3415 sua
312 3362 482 3416 liberatione.
497 3366 528 3414 Et
540 3376 603 3416 ecce
623 3365 716 3416 eadem
741 3371 830 3425 nocte,
852 3364 983 3430 disruptis
1006 3365 1122 3417 vinculis
1140 3371 1167 3417 et
1178 3376 1284 3430 compe·

53 3459 144 3522 dibus,
157 3466 234 3513 extra
248 3473 385 3514 carcerem
399 3461 588 3513 firmissimum
601 3463 682 3514 salvis
695 3463 772 3514 ostiis
781 3462 853 3515 idem
868 3461 951 3515 lromo
970 3464 1115 3515 incolumis
1136 3465 1281 3528 reperitur,

52 3559 208 3627 glorificans
222 3562 318 3624 ileum,
328 3561 376 3626 qui
388 3562 477 3626 ipsum
491 3563 648 3626 permerito
663 3563 749 3614 sancti
763 3564 926 3629 Sigismondi
940 3577 955 3615 a
969 3565 1064 3616 mortis
1085 3565 1206 3629 periculo
1220 3565 1284 3617 libe-

54 3660 133 3711 rarit.
157 3662 241 3723 Quem
270 3659 359 3711 dictus
377 3660 505 3712 dominus
527 3660 631 3712 llincbo
657 3667 751 3725 postea
775 3675 869 3713 secum
891 3663 924 3714 ad
948 3664 1102 3727 sepulcrum
1116 3664 1285 3729 praedictum

53 3758 178 3824 adduxit,
192 3765 218 3811 et
230 3773 300 3825 quae
322 3760 487 3825 praescripta
509 3765 572 3811 sunt
593 3760 675 3824 plene
696 3767 722 3812 et
744 3759 861 3813 fideliter
882 3763 1003 3814 narrarit
1025 3768 1052 3815 et
1074 3763 1189 3814 liberum
1208 3763 1285 3816 abire

51 3856 167 3910 dimisit.

83 3958 114 4008 X
127 3955 367 4009 maculam-
380 3960 446 4009 ltern
458 3957 503 4009 die
513 3959 662 4022 penultima
677 3959 779 4010 mensis
792 3960 912 4011 octobris
925 3960 1081 4024 lleuslinus,
1090 3959 1162 4012 filius
1174 3961 1285 4013 octonis

50 4056 359 4124 pellillcisdewtenna,
381 4059 484 4111 babens
505 4071 617 4110 manum
641 4059 781 4110 dexteram
805 4073 837 4111 ex
858 4060 1019 4112 vulneribus
1039 4060 1087 4113 diu
1105 4067 1283 4121 contractam,

49 4158 126 4215 venit
139 4156 174 4208 ad
187 4159 342 4223 sepulomm
355 4158 442 4211 sancti
456 4160 583 4224 martyris
594 4176 601 4223 3
616 4165 643 4211 et
655 4160 714 4223 ejus
728 4159 873 4224 implorato
886 4159 1031 4226 beneflcio,
1053 4160 1159 4213 reddita
1171 4166 1212 4213 est
1224 4160 1284 4224 ejus

48 4269 152 4309 manus
165 4257 285 4323 integrae
302 4258 422 4309 sanitati.

10 4358 28 4410 0
81 4356 131 4407 xl
154 4355 402 4408 musculum-
423 4358 488 4409 ltem
510 4357 555 4409 die
580 4356 674 4409 ultima
698 4358 802 4408 mensis
826 4360 945 4411 octobris
970 4358 1081 4425 quidam
1105 4360 1223 4413 famulus
1249 4360 1284 4413 de

43 4455 164 4519 Ponnlz,
178 4462 309 4518 murator,
325 4456 429 4508 lllricus
442 4457 564 4517 nomine,
579 4457 625 4522 qui
641 4469 687 4520 per
700 4455 769 4509 duos
792 4458 912 4523 integros
934 4473 1020 4511 annos
1041 4460 1099 4511 visu
1118 4464 1177 4511 erat
1188 4460 1282 4513 oeulo-

42 4567 111 4607 rum
127 4555 255 4618 privatus,
267 4552 301 4606 ad
314 4555 400 4607 sancti
413 4555 461 4606 liei
477 4556 551 4607 venit
565 4555 700 4608 tumulum
712 4571 719 4618 ;
730 4560 757 4606 et
769 4557 892 4609 oratione
901 4558 971 4619 fusa,
981 4558 1043 4610 ilico
1061 4559 1163 4623 recepit
1179 4559 1279 4621 visum,

40 4651 171 4707 reddens
183 4653 265 4705 beato
278 4653 388 4719 martyri
401 4667 450 4718 pro
465 4659 577 4720 accepto
590 4652 724 4706 beneflcio
735 4654 884 4720 gratiarum
898 4656 1075 4710 multimodas
1087 4657 1217 4712 actiones.

114 4761 214 4804 mrsu.
232 4762 321 4805 ems.
341 4762 367 4806 a.
385 4763 423 4806 111.
1184 4758 1218 4808 bd

1099 4860 1464 5178 ,Ι
