3076 5498
146 296 190 362 86
491 308 616 358 cornu.
636 307 739 359 cono.
758 307 932 359 11111111.
952 307 1030 357 aaa.

147 487 202 535 stas
214 481 289 535 enlm
302 484 377 534 tanta
391 481 441 534 luit
453 481 481 533 in
494 493 576 534 cruce
596 485 628 532 ut
645 493 701 533 non
722 478 811 532 solum
825 478 943 532 feminae
958 478 1064 531 vultum
1075 478 1228 533 illustraret
1243 480 1374 546 orbatum,

146 581 193 635 sed
208 582 296 634 iucem
319 579 520 633 indeficientem
537 593 586 646 per
605 585 692 633 totum
713 576 868 632 effunderet
888 577 1033 631 mundum.
1047 580 1215 645 Postquam!
1226 579 1274 633 lux
1285 580 1376 633 mundi

147 680 278 748 pependit
296 681 325 732 in
346 693 438 740 cruce,
463 679 559 733 mundi
583 679 693 732 climata
722 677 953 744 resplenduerunt
973 691 1030 731 non
1055 685 1191 744 sequente
1214 683 1378 734 1111111111

147 780 248 834 diaboli
262 793 375 848 regnum
389 778 520 846 perdidit,
530 778 589 831 dies
610 780 700 832 emcis
717 777 836 831 obtinuit
857 777 1049 843 principatum.
1063 779 1133 830 111111
1154 785 1197 831 est
1216 779 1291 846 quod
1307 780 1378 833 emci

148 881 291 948 subjacent
303 881 406 946 omnia,
420 881 483 946 quia
496 879 542 932 lux
555 879 644 932 crucis
657 878 769 932 irradiat
787 879 924 931 uniuersa.
938 877 1016 946 Fugit
1028 891 1113 945 mors,
1126 892 1235 933 venena
1254 880 1292 933 nil
1304 894 1378 947 prae·

148 981 240 1035 valent
261 997 268 1032 :
291 979 457 1047 quicumque
475 992 623 1045 percussus
646 985 676 1031 ut
696 984 801 1044 pereat,
822 978 845 1030 si
866 991 975 1031 erucem
995 978 1156 1044 respexerit,
1177 978 1253 1043 vivit,
1276 985 1302 1032 et
1322 981 1381 1047 igne

149 1080 238 1134 crucis
249 1078 354 1132 vivifico
366 1079 547 1146 exstinguitur
560 1079 630 1145 ignis
642 1090 791 1131 succensus
803 1077 837 1130 ad
860 1081 985 1130 mortem.
1001 1078 1067 1130 ilinc
1088 1082 1130 1130 est
1147 1078 1223 1145 quod
1241 1079 1382 1145 episeopus

149 1185 261 1233 sanetus
272 1182 378 1231 tantum
391 1178 551 1244 praevaluit,
565 1179 629 1244 quia
642 1178 730 1231 lucem
751 1191 801 1244 per
821 1176 904 1231 iidem
922 1178 1012 1231 crucis
1029 1183 1056 1230 et
1067 1177 1247 1231 dilectionem
1262 1178 1290 1231 in
1302 1177 1382 1232 corde

149 1278 272 1331 nutrivit.
285 1280 343 1331 lion
364 1278 500 1344 quaesivit
521 1277 625 1343 procul,
638 1278 710 1343 apud
730 1290 760 1330 se
781 1276 946 1330 medicinam
964 1277 1079 1343 invenit,
1093 1282 1121 1329 et
1132 1276 1250 1344 digitum
1268 1276 1381 1330 tidenter

149 1389 232 1443 super
243 1376 337 1430 oculos
351 1377 449 1442 posuit,
465 1377 529 1443 quia
543 1376 577 1429 ab
589 1377 665 1428 intus
686 1376 813 1428 baustum
832 1375 925 1428 lumen
939 1374 1044 1428 serebat
1055 1375 1084 1428 in
1096 1374 1223 1443 digitum.
1237 1378 1302 1429 111111
1315 1376 1381 1429 sicut

148 1476 219 1544 magi
232 1476 261 1527 in
273 1478 391 1542 aegypto
404 1476 466 1527 victi
488 1477 615 1528 virtutem
637 1474 713 1542 digiti
736 1474 782 1527 bei
804 1478 993 1540 asseruerunt,
1008 1474 1044 1526 ita
1058 1479 1086 1526 11
1098 1475 1248 1540 episcopus
1259 1475 1381 1528 1111111111

148 1575 238 1629 crucis
250 1573 334 1642 digito
345 1575 450 1628 faciens
465 1575 526 1628 luce
539 1577 680 1627 remeante
702 1573 871 1626 monstravit.
886 1572 1003 1638 Spiritus
1024 1573 1099 1625 enim
1121 1577 1235 1626 sanetus
1255 1574 1283 1627 in
1301 1572 1380 1641 digito

150 1689 199 1743 per
210 1687 321 1729 crucem
334 1675 393 1728 luit.
408 1675 476 1738 Quid
491 1675 588 1740 plorat
599 1675 705 1728 Gaudet
718 1674 827 1737 mulier,
840 1673 957 1726 miratur
974 1672 1071 1740 solem,
1084 1673 1215 1727 tenebras
1232 1679 1387 1737 execratur.

148 1780 296 1829 veneratur
317 1774 463 1838 medicum,
477 1775 572 1828 adorat
594 1776 680 1827 beum
700 1775 729 1826 in
749 1786 841 1827 rerum
854 1771 1013 1826 diuersitate
1031 1772 1197 1837 mirabilem,
1211 1773 1387 1841 quaeooniu-

150 1877 257 1930 sionem
278 1875 353 1942 prins
372 1874 563 1928 tantummodo
584 1878 698 1928 nouerat
717 1878 745 1926 et
765 1878 884 1927 noctem.
899 1874 939 1926 lta
961 1876 1031 1926 licus
1051 1887 1100 1940 per
1120 1887 1216 1928 verum
1235 1874 1387 1928 israelitam

149 1974 314 2028 illuminavit
325 1975 395 2027 banc
408 1974 548 2037 feminam,
562 1973 750 2040 populumque
764 1974 945 2026 admirantem
963 1972 998 2026 ad
1016 1973 1128 2027 laudem
1149 1987 1228 2028 suam
1245 1972 1380 2028 suscitati

151 2075 314 2142 etgloriam.

185 2174 327 2226 1811111111
340 2186 449 2239 quoque
462 2172 666 2225 miserationem
676 2171 722 2224 bei
733 2177 741 2212 1
751 2171 947 2238 omnipotentis
958 2171 1139 2238 opitulatione
1151 2172 1248 2226 beatus
1259 2170 1383 2225 sacerdo

153 2275 281 2344 ligericus
293 2275 322 2326 in
333 2272 452 2340 quadam
465 2273 584 2327 ostendit
596 2272 696 2338 puella,
709 2272 889 2326 cnildevidot
902 2273 1023 2326 nomine.
1035 2275 1102 2326 111111
1113 2285 1177 2326 cum
1186 2273 1296 2326 vidisset
1307 2272 1387 2324 mise

154 2375 288 2429 ricordiae
305 2377 421 2438 amator,
439 2372 546 2438 pletatis
563 2371 662 2437 cultor,
681 2370 814 2424 sollicitus
835 2372 926 2426 ovium
946 2377 1048 2437 pastor,
1067 2369 1185 2425 eandem
1200 2371 1386 2439 iuvenculam

151 2489 167 2528 a
189 2474 287 2540 spiritu
309 2472 427 2539 maligno
451 2472 565 2536 spiritali
590 2472 656 2538 lupo
681 2476 784 2538 raptam
805 2477 888 2537 atque
909 2483 1061 2538 pervasam,
1083 2471 1238 2525 condolens
1261 2470 1387 2524 miseria«

156 2586 316 2639 memorque
340 2571 431 2636 olilcii,
456 2570 581 2624 ascendit
604 2571 730 2638 protinus
753 2583 789 2623 ex
812 2572 938 2633 adverso,
963 2571 1094 2638 opposuit
1116 2584 1228 2624 murum
1257 2571 1387 2624 saevient

154 2673 276 2738 inimico,
299 2674 325 2724 11
347 2670 495 2723 ostendens
517 2682 546 2722 se
567 2683 653 2722 unum
671 2683 705 2722 ex
723 2668 777 2720 illis
799 2669 914 2723 canibus
933 2667 968 2722 de
989 2667 1092 2735 quibus
1113 2668 1215 2722 dicitur
1236 2684 1244 2721 ε
1265 2668 1387 2734 Lingua

154 2784 271 2826 canum
285 2773 410 2824 tuorum
422 2783 462 2823 erc
473 2769 610 2823 inimicis
623 2769 661 2823 ab
674 2769 751 2836 ipso,
762 2770 878 2822 miserae
888 2767 1051 2822 medicalem
1064 2767 1187 2834 linguam
1199 2767 1304 2830 111ιί111,
1314 2766 1387 2820 bost

155 2884 187 2925 ao
199 2866 338 2937 periasort
351 2871 448 2923 dentes
461 2870 569 2923 exeruit
581 2869 742 2936 imperantis
763 2869 823 2933 zeli,
837 2876 863 2923 et
875 2869 980 2923 latrans
992 2880 1059 2922 voce
1071 2869 1220 2935 dominica,
1233 2879 1303 2936 quae
1313 2863 1387 2919 niti:

155 2976 183 3023 et
195 2971 300 3036 patiens
315 2981 371 3022 non
386 2969 513 3021 clamavit
534 2981 623 3034 neque
640 2967 733 3020 audita
751 2968 835 3020 estin
853 2967 950 3033 platea,
964 2966 1089 3033 pertrivit
1111 2980 1222 3034 semper
1240 2967 1387 3034 nequitias!

155 3068 298 3132 tumidam,
311 3074 338 3122 et
359 3067 507 3134 imaginem
526 3067 583 3134 bei,
602 3079 673 3133 quae
692 3066 875 3120 ancillabatur
894 3066 1030 3119 violenter
1051 3078 1107 3119 non
1128 3066 1254 3129 domino,
1272 3058 1387 3119 reddidit

154 3168 280 3221 liberam.
289 3171 436 3234 Postquam
446 3167 520 3219 enim
534 3166 620 3218 dixit³
630 3181 636 3217 :
646 3165 811 3232 Praecipio
824 3164 890 3231 tibi,
901 3164 1213 3233 immuadespa'ritua,
1224 3163 1387 3219 innomine

155 3269 283 3322 sunctae
303 3265 467 3319 1111111111
492 3267 526 3318 111
550 3278 644 3319 eureus
656 3265 694 3318 ab
714 3277 753 3318 ea
774 3267 803 3319 et
824 3264 963 3331 amptius
982 3277 1022 3317 111
1040 3265 1181 3318 tanceas
1198 3264 1234 3317 in
1250 3259 1385 3330 11111111

157 3367 291 3434 infirmus,
311 3378 460 3432 percussus
488 3365 587 3418 virtute
607 3364 832 3431 omnipotentiae,
855 3365 993 3431 projectus
1014 3371 1056 3417 est
1077 3365 1106 3417 111
1130 3368 1242 3430 terram,
1263 3364 1379 3431 abyssunt

156 3465 229 3520 sedis
243 3479 319 3531 suae,
333 3466 361 3517 in
375 3464 456 3532 ignea
476 3477 573 3531 spuma
594 3476 678 3531 (qnam
691 3465 835 3517 evomebat
851 3464 942 3530 puella
960 3463 1109 3517 ostendens
1125 3476 1182 3530 quo
1203 3463 1321 3527 clibano,
1332 3468 1377 3530 qut

158 3567 267 3620 camino
280 3565 452 3618 clandestino
465 3564 592 3617 miseram
605 3564 761 3630 possidebat
779 3564 908 3617 adurens.
924 3564 971 3616 llla
990 3563 1187 3627 mansuebcta,
1200 3577 1287 3632 seque
1304 3564 1375 3631 ipsam

156 3679 336 3732 cognoscens,
351 3664 517 3718 lassabunda
530 3663 665 3730 subsedit,
679 3669 707 3716 et
719 3663 825 3730 perdita
838 3664 986 3730 grassantis
998 3663 1114 3716 interius
1125 3663 1233 3718 inimici
1243 3669 1376 3727 armatura,

158 3765 230 3817 mitis
242 3770 270 3818 et
283 3764 412 3817 omnibus
425 3764 496 3816 11111
517 3763 661 3830 miraculo,
675 3763 793 3829 amplius
805 3776 835 3815 se
847 3763 934 3828 ipsam
947 3763 1094 3828 pavitando
1107 3763 1237 3829 miratur,
1248 3764 1379 3818 baberest

157 3864 253 3928 incipit
263 3875 335 3930 quae
347 3863 508 3929 habebatur,
524 3870 551 3915 et
564 3863 705 3929 paulisper
723 3862 820 3929 spiritu
840 3868 952 3929 purgata
971 3868 1112 3928 extraneo,
1126 3862 1258 3929 spiritum
1275 3867 1380 3917 naturae

157 3963 300 4030 recolligit.
314 3963 437 4015 Remittit
449 3975 545 4015 servus
559 3962 606 4014 liei
619 3960 777 4015 deservitio
796 3962 916 4029 maligno
929 3961 1081 4026 liberatam,
1095 3967 1123 4015 et
1135 3960 1252 4017 domino
1273 3961 1386 4030 legitimo

156 4064 348 4117 universorum
362 4060 437 4129 quod
451 4075 546 4115 sertus
560 4060 680 4115 mendax
694 4069 721 4114 et
733 4060 872 4114 homicida
884 4061 919 4114 ab
934 4061 1012 4115 initio
1023 4061 1176 4115 abstulerat
1197 4062 1308 4118 servire
1319 4077 1387 4132 prae

156 4164 236 4229 oepit.
250 4163 356 4216 Gratias
368 4165 434 4227 beo,
448 4163 496 4229 qul
508 4175 596 4215 cornu
609 4162 771 4229 tyrannicae
784 4160 980 4215 dominationis
993 4167 1020 4215 et
1031 4162 1131 4215 atrium
1146 4161 1265 4218 fanatici
1283 4165 1387 4219 erroris

158 4277 206 4330 per
218 4262 342 4331 [aliiquot
354 4267 478 4328 tempora
490 4267 665 4328 praepotens,
684 4275 740 4316 uno
753 4267 780 4315 et
792 4262 890 4316 ultimo
908 4267 1033 4328 tempore
1045 4262 1135 4330 tregit,
1153 4275 1281 4333 eumque
1293 4267 1342 4334 qui
1366 4278 1387 4318 sl

190 4484 201 4519 ³
213 4479 287 4530 enim
300 4477 413 4533 1111111.

191 4563 284 4614 Num.
298 4560 348 4614 12.
363 4587 394 4598 -
408 4565 415 4600 ¹
429 4558 516 4614 Patris
528 4560 600 4616 add.
614 4563 639 4615 2.
653 4588 686 4600 -
697 4563 707 4599 ²
719 4559 877 4615 cbildevine
888 4563 913 4615 1.
927 4589 959 4599 -
969 4563 982 4600 ³
992 4562 1026 4626 (e.
1039 4560 1078 4625 d.)
1091 4559 1120 4616 d.
1134 4575 1161 4616 e.
1175 4563 1203 4618 2.
