3076 5498
392 280 484 330 arec.
503 279 586 331 nur.
605 278 722 330 rania.
742 279 905 329 -conn
927 275 1017 342 lieet,
1038 275 1127 327 ruse.
1234 239 1236 244 ¹
1309 261 1422 327 279-

333 451 483 587 ”boll
510 498 636 586 (lodex
656 498 845 618 signatus
866 523 980 586 num·
1006 498 1156 588 14654.

180 722 249 776 illim
261 724 398 777 San-vict.
413 725 472 778 745.

181 821 319 876 loliorum
331 823 381 876 205
392 823 509 887 (praeter
522 834 609 874 unum
618 820 769 872 insiticium
783 818 817 872 ad
830 820 952 884 calcem),
966 820 1033 873 min.
1055 821 1280 887 (0m,265><0,16),
1297 819 1378 873 lineis

147 918 246 987 plenis,
259 924 389 974 exaratus
401 933 473 973 saec.
487 921 543 972 llll.

246 1019 286 1094 1⁰
304 1018 388 1097 Vita
407 1019 444 1095 S.
467 1017 603 1095 Hilarii
622 1017 797 1118 episcopi
817 1016 1066 1115 Pictavensis,
1087 1041 1134 1096 ex
1152 1017 1269 1096 dictis
1286 1015 1377 1096 For-

293 1142 419 1219 tunati
439 1140 614 1243 episcopi
631 1139 709 1239 (fol.
730 1138 897 1238 wll*

184 1273 307 1340 Sequitm
318 1273 441 1342 Gregorii
463 1273 634 1326 Turonensis
646 1272 694 1324 lib.
707 1272 745 1324 In
755 1271 860 1339 picria
876 1270 1091 1338 consessorum
1103 1284 1163 1338 cap.
1178 1275 1203 1325 2.

244 1370 286 1447 2⁰
302 1372 357 1450 De
375 1371 627 1450 translatione
646 1370 750 1449 beati
769 1370 906 1447 Hilarii
925 1370 1115 1471 episcopi,
1136 1395 1173 1447 vr
1191 1369 1378 1448 kalendas

288 1494 378 1596 julii
397 1494 474 1593 (fol.
496 1493 663 1594 lili-liis).

186 1626 227 1678 ld.
240 1629 305 1682 Aet.
322 1628 380 1695 εἰ,
403 1627 437 1680 ad
459 1627 486 1680 d.
508 1629 625 1693 ullam,
639 1634 705 1680 tom.
729 1629 749 1693 1,
775 1641 800 1693 p.
824 1630 936 1692 ⁴543st
959 1641 1059 1693 nempe
1080 1627 1222 1681 translatio
1241 1627 1311 1680 facta
1330 1639 1380 1711 per

148 1719 606 1791 S.lridolinum.1ncipitBeatacs
627 1725 842 1778 drictelinus...
863 1726 902 1789 (n.
924 1727 959 1789 ll,
981 1725 1046 1804 dein
1068 1730 1124 1778 toto
1145 1724 1335 1791 capiteprlmo
1348 1725 1375 1777 in

150 1822 341 1888 conpendium
354 1823 474 1888 redacto,
487 1825 620 1910 transitur
632 1824 664 1877 ad
679 1837 755 1876 num.
771 1825 802 1878 ill
816 1839 822 1875 ε
835 1824 971 1891 dumque
984 1823 1028 1877 ibi
1034 1836 1095 1892 per
1107 1824 1283 1878 multarum
1303 1824 1379 1878 asei-

157 1917 332 1977 duitctee....
1077 1926 1081 1935 “

188 2019 310 2087 Sequim
321 2019 440 2075 officium
453 2023 480 2076 s.
495 2021 599 2087 llilarii,
612 2021 684 2074 notis
697 2021 810 2073 musicis
821 2021 968 2087 signalum.

348 2431 498 2521 ocull
534 2433 659 2520 Godex
678 2433 869 2543 signatus
890 2456 1002 2521 num.
1027 2430 1179 2522 14655.

181 2643 249 2696 olim
265 2644 402 2697 San-Vici.
417 2646 474 2698 lll.

177 2744 317 2798 Foliorum
333 2746 389 2810 lla,
404 2744 476 2797 med.
491 2746 708 2811 (0,295><0,215l,
719 2744 856 2797 columnis
870 2745 952 2809 binis,
965 2748 1095 2797 exaratus
1107 2757 1181 2798 saec.
1195 2746 1266 2797 xlll.

246 2842 286 2917 1⁰
303 2841 388 2918 Vita
407 2842 445 2920 S.
468 2843 654 2921 Bernardi
687 2842 1003 2920 claraevallensis
1033 2843 1188 2922 abbatis
1217 2843 1295 2944 (fol.
1319 2844 1375 2919 1*-

239 3089 282 3165 20
302 3089 512 3179 Quomodo
531 3115 597 3169 rex
616 3092 830 3170 Jerusalem
862 3097 1036 3170 sanctam
1063 3116 1234 3190 crucem,
1255 3115 1374 3195 quam

294 3217 333 3292 in
362 3218 521 3318 praeliis
552 3219 740 3319 gestabat,
781 3226 992 3319 apparente
1033 3225 1071 3295 et
1104 3218 1267 3318 jubente
1297 3219 1373 3296 sibi

296 3351 430 3421 sancto
450 3342 648 3420 Bernardo
684 3342 978 3420 Claramvallem
1010 3343 1172 3432 miserit,
1206 3342 1378 3420 miraeu-

295 3463 377 3541 lum
395 3465 471 3565 (fol.
494 3465 680 3567 857535.4
1142 3468 1148 3477 ’

152 3601 218 3656 ιω.
235 3599 265 3651 r.
281 3599 322 3661 n,
336 3602 402 3651 om.
416 3600 554 3664 ccxxxv,
569 3614 594 3665 p.
608 3601 711 3653 mooe.

236 3695 281 3772 3⁰
300 3695 354 3773 De
389 3719 491 3775 novo
523 3698 714 3775 miraculo
745 3697 795 3774 ab
827 3697 969 3775 abbate
999 3697 1190 3776 Herberto
1220 3697 1304 3776 viso
1335 3707 1373 3777 et

290 3820 450 3920 scripto,
472 3845 552 3922 quo
571 3822 674 3899 liber
692 3821 972 3899 miraculorum
992 3845 1069 3899 non
1089 3821 1244 3900 modice
1262 3845 1373 3899 eom-

291 3942 498 4020 mendatur
515 3945 593 4044 (iol.
615 3943 810 4044 83l-lll3fl.

144 4080 210 4137 gd.
231 4075 315 4141 ibid,
329 4090 353 4142 p.
365 4080 485 4131 575410.
501 4079 671 4131 Praemissus
683 4084 725 4131 est
737 4078 821 4131 index
832 4080 1025 4145 capitulorum.

235 4175 280 4250 4⁰
301 4174 714 4255 Liber‘miraculorum
740 4201 840 4278 quae
865 4179 905 4254 in
925 4178 1134 4257 Claravalle
1161 4179 1373 4282 multisque

289 4298 387 4377 locis
406 4299 494 4377 aliis
513 4299 677 4378 diuersis
695 4301 941 4401 temporibus
959 4303 1218 4402 contigerunt.

147 4438 210 4492 [ω.
230 4433 313 4498 ibid,
328 4447 354 4498 p.
371 4434 437 4485 1575
460 4446 532 4498 squ,
545 4447 645 4499 nempe
663 4447 741 4499 capp.
758 4436 780 4498 l,
795 4435 820 4498 2,
833 4437 858 4501 5,
880 4437 922 4502 58,
945 4437 995 4500 52;
1017 4435 1081 4488 dein
1103 4435 1204 4488 ibidem
1218 4437 1273 4501 ed,
1287 4451 1313 4502 p.
1324 4439 1373 4490 455

130 4543 169 4594 κ
184 4531 391 4594 schocelino)
401 4546 409 4594 3
421 4528 487 4582 dein
500 4543 579 4596 capp.
591 4533 633 4593 20,
649 4534 688 4597 ll,
704 4534 743 4596 ll,
756 4533 866 4598 8(quod
879 4534 1004 4586 ultimum
1016 4534 1117 4586 desinit
1127 4535 1273 4598 mutilum).

622 4681 900 4692 ——-—-—
