3076 5498
150 272 217 338 536
537 291 665 342 caran.
685 293 788 343 cono.
808 293 983 343 usercen.
1002 292 1087 343 nar.

150 455 248 523 probis
256 457 379 522 patribus
392 463 419 510 et
433 459 675 513 excellentioribus
686 460 753 513 viris
766 461 820 514 tale
833 459 908 514 dedit
920 460 1061 515 decretum
1075 462 1215 528 promturi
1224 462 1344 529 juvaminis.

150 557 199 621 Qui
213 555 339 611 videlicet
353 555 437 611 missa
449 558 584 625 legatione
596 560 625 612 in
635 560 749 614 tralliaru
761 574 811 626 per
828 565 981 627 cunctaque
999 561 1110 614 climata
1128 562 1344 628 Aquitanicaegcrr

150 655 194 722 tis,
219 655 252 708 ad
278 657 363 710 nostri
385 658 565 722 praesentiam
588 660 765 711 sacratissimi
786 660 902 726 pastoris
923 660 1071 713 concilium
1094 662 1222 727 poposcit
1242 661 1344 729 aggregari

151 754 298 822 peringens
318 756 346 808 in
368 757 418 808 bac
438 757 545 810 civitate
566 759 719 822 lemovica,
732 764 763 810 ut
784 758 906 823 protecto
931 772 981 824 per
1002 771 1085 825 quem
1103 760 1239 824 primitias
1250 759 1344 813 credendi

150 852 307 905 habuerunt
320 855 346 906 in
359 854 476 920 cbristo,
490 854 563 907 illius
575 856 604 907 irr
616 855 744 908 adversis
766 857 900 908 tutissimo
913 857 1068 921 potirentur
1080 857 1191 924 solatio,
1204 863 1232 910 et
1243 857 1363 923 tamquant
1386 908 1389 929 Ι

2 957 68 1013 cod.
81 957 126 1011 ad.
148 953 173 1004 a·
186 953 296 1018 proprio
309 958 423 1019 patrono
436 968 488 1020 pax
499 960 527 1007 et
539 954 669 1008 exultatio
682 955 876 1021 impetraretur
885 955 919 1007 ab
931 955 990 1020 ipso
1009 962 1037 1008 et
1054 957 1083 1007 in
1097 957 1184 1009 rebus
1203 957 1345 1010 titubantibus
1386 944 1389 1030 i

152 1052 317 1106 invincibilis
329 1053 470 1106 fortitudo.

183 1149 291 1203 Lectio
303 1153 357 1204 IV.
370 1152 524 1218 —ltegotio
547 1152 649 1218 quippe
670 1152 814 1219 legationis
835 1157 955 1219 peracto,
971 1153 1052 1218 justis
1073 1154 1254 1220 petitionibus
1272 1151 1346 1204 inritat

151 1256 274 1315 prompte
289 1260 426 1316 parentes,
438 1252 585 1304 concilium
598 1252 772 1317 celebratur;
791 1252 825 1304 ad
838 1252 908 1305 banc
928 1252 1024 1305 urbem
1046 1265 1206 1306 convenere
1221 1252 1346 1321 gaudentis.

151 1349 374 1415 ttetropolitarrus
394 1351 498 1403 scilicet
519 1356 613 1403 noster
633 1350 731 1416 suique
752 1351 907 1416 coepiscopi
928 1350 1125 1418 suffragatores
1148 1354 1253 1418 optimi,
1268 1351 1375 1405 clencclt

151 1461 211 1502 rum
224 1450 338 1502 honesto
351 1462 444 1501 secum
457 1450 604 1502 comitante
625 1449 749 1515 collegio,
762 1449 919 1516 hujusmodi
932 1451 1067 1503 interesse
1081 1453 1248 1505 studuerunt
1257 1451 1349 1518 pmeiatc

150 1547 277 1602 concilio.
293 1551 347 1602 Nec
358 1548 446 1601 deluit
457 1549 573 1602 aliorum
588 1547 747 1615 pontificum
759 1550 876 1602 societas
888 1548 1068 1616 admirabilis,
1082 1551 1132 1617 qui
1145 1564 1161 1604 a
1179 1552 1271 1605 vicinis
1284 1551 1349 1602 cirita

149 1646 223 1699 tibus
242 1647 285 1699 vel
305 1647 386 1699 etiarn
408 1659 423 1698 a
443 1646 601 1714 longinquis
623 1646 771 1700 illustrium
793 1647 914 1699 virorum
935 1647 971 1700 ad
989 1646 1018 1700 id
1035 1655 1221 1714 properantes
1232 1655 1350 1702 rastocou

149 1745 267 1813 agmine,
281 1746 309 1797 in
323 1746 405 1799 rebus
418 1746 580 1798 necessariis
598 1744 716 1798 solidum
735 1746 891 1812 potuissent
901 1746 1058 1799 consultum
1080 1746 1229 1801 efficaciter
1239 1749 1349 1801 exhibere.

149 1849 246 1900 Comes
258 1847 323 1900 item
341 1845 518 1909 pictavensis,
531 1846 578 1912 qui
597 1851 689 1899 tamen
707 1845 797 1899 adbuc
811 1847 921 1914 juvenis
940 1859 1023 1912 super
1040 1848 1216 1913 Aquitaniam
1234 1843 1378 1915 primatrrurtt

149 1947 260 2000 tenebat
272 1947 394 2008 nonoris,
407 1960 469 1999 curn
491 1946 609 1999 subditis
629 1946 785 2007 comitibus,
799 1946 904 1999 civibus
925 1953 954 1999 et
974 1949 1156 2012 optimatibus
1176 1951 1218 2003 sui
1239 1947 1350 2017 regiminis

148 2046 250 2100 ibidem
270 2059 402 2113 praesens
422 2046 519 2098 adesse
539 2047 699 2111 procuravit
719 2059 781 2098 cunr
803 2046 1012 2100 honoriticentia
1040 2050 1133 2116 magni
1162 2049 1279 2103 nonoris
1293 2047 1349 2100 tole

51 2202 54 2209 ,
147 2158 231 2199 sanae
242 2144 379 2212 siquidem
392 2158 423 2198 ac
436 2145 602 2212 burdegalae
624 2146 736 2213 ingenui
751 2145 837 2198 duces
856 2146 967 2199 urbium
983 2160 1018 2200 ex
1036 2160 1172 2202 eorumve
1193 2148 1297 2215 imperio
1312 2145 1349 2210 pri

147 2252 243 2313 males,
256 2245 420 2299 nobilissimi
433 2245 535 2312 quique
547 2246 694 2311 nobilium,
705 2245 886 2298 nibilominus
896 2245 930 2298 ad
940 2247 1009 2300 baec
1018 2247 1085 2299 laeti
1095 2249 1350 2313 praebueruntacees

147 2360 218 2399 sum.
230 2349 371 2412 Tantaque
382 2344 475 2398 denuo
486 2358 502 2397 a
514 2346 618 2398 circum
634 2345 823 2411 adjacentibus
835 2346 890 2397 oris
901 2346 1047 2412 utriusque
1060 2359 1146 2400 sexus
1157 2346 1283 2402 conduxit
1290 2339 1376 2410 epu!

147 2445 309 2512 populcmm
323 2449 353 2497 ut
364 2457 464 2497 revera
476 2445 547 2497 intra
559 2445 697 2497 civitatem
711 2451 739 2497 et
750 2449 826 2496 extra
838 2457 887 2511 per
898 2459 994 2511 gyrum
1007 2446 1050 2497 vix
1064 2451 1113 2498 aut
1124 2447 1277 2500 nullatenus
1291 2456 1346 2510 repr

147 2547 247 2600 riretur
258 2545 301 2598 rel
314 2545 441 2611 exiguum
457 2545 576 2610 spatium
589 2545 636 2597 ubi
649 2556 705 2598 non
718 2545 889 2598 inveniretur
905 2543 1045 2597 condensa
1058 2545 1207 2612 bospitatio
1224 2536 1346 2600 bombum

146 2648 252 2699 interea
269 2643 392 2706 collecta,
413 2644 452 2695 uti
474 2641 668 2709 praediximus,
687 2648 762 2696 tanta
783 2642 905 2696 fidelium
927 2642 961 2696 ad
983 2644 1135 2697 concilium
1157 2651 1254 2709 turma,
1269 2647 1346 2712 qranu

145 2745 280 2797 sinleum
301 2755 410 2795 summo
428 2741 529 2809 gaudio
549 2742 665 2795 advecta
686 2742 722 2795 ab
742 2741 903 2795 orthodoxis
925 2740 1048 2794 almiflua
1070 2750 1230 2797 sanctorum
1248 2752 1365 2808 corpora,
1387 2781 1389 2788 .

145 2842 314 2896 enucleatius
336 2846 485 2907 potuerunt
505 2839 660 2906 exprimere
679 2841 737 2907 qui,
750 2853 845 2893 eorum
870 2841 1029 2907 patrociniis
1049 2841 1120 2908 irriti,
1139 2843 1175 2896 de
1193 2853 1306 2896 moerore
1322 2816 1389 2889 iutil

144 2939 273 3010 gaudium
286 2945 449 2992 meruerunt
462 2940 588 2992 transire.

176 3039 286 3093 necao
303 3038 428 3103 quinta.-
439 3065 473 3076 -
484 3039 546 3090 Post
564 3038 646 3105 igitur
664 3037 774 3090 adscitis
794 3037 950 3104 singillatim
971 3043 999 3091 et
1018 3039 1048 3090 in
1069 3046 1179 3093 secreto
1191 3046 1218 3093 et
1236 3037 1345 3091 intirim

144 3139 270 3207 dogmate
283 3135 456 3204 peritissimis
475 3137 608 3203 patribus,
620 3136 776 3202 postulatur
792 3137 927 3190 acbristo
950 3136 1072 3190 salutare
1090 3139 1236 3192 consilinm
1255 3143 1279 3191 et
1294 3132 1344 3187 iudi·

142 3239 213 3291 citur
227 3236 300 3302 plebi
313 3234 470 3288 triduanum
480 3236 626 3302 jejunium,
639 3247 694 3300 quc
705 3236 899 3288 reconciliatus
910 3235 968 3301 ipse
980 3237 1139 3301 petentibus
1152 3237 1345 3300 conierrctopta

142 3336 197 3390 bile
216 3336 448 3401 supplementum.
470 3335 651 3387 cumulantur
671 3334 765 3387 altaria
777 3335 939 3387 libaminum
959 3336 1153 3397 sacramentis,
1175 3341 1246 3389 totus
1265 3326 1370 3386 insidi!

141 3435 259 3502 populus
276 3434 448 3487 orationibus
467 3436 578 3489 sanctis.
591 3439 621 3485 ut
642 3434 703 3500 pius
722 3435 853 3489 Dominus
874 3447 925 3487 suo
945 3434 1054 3486 intersit
1073 3434 1191 3489 arbitrio
1212 3433 1344 3501 suppliciter

140 3538 269 3588 exorabas
279 3534 395 3600 ejusque
405 3533 493 3586 cliens
504 3534 632 3586 llartialis
644 3535 740 3586 bcsbrs
751 3540 783 3586 ut
791 3535 936 3586 subveniat
946 3533 1125 3600 deprecatus.
1137 3536 1215 3590 ttnde
1226 3549 1259 3589 ex
1275 3532 1344 3585 dirim

140 3632 346 3700 dispensatione
366 3632 492 3698 expedito
512 3634 659 3701 diligenter
678 3633 806 3702 concilio,
820 3640 911 3686 ratum
930 3640 972 3686 est
992 3634 1128 3686 divinitus
1151 3641 1184 3687 ut
1202 3629 1344 3689 denominat

144 3733 260 3800 pastoris
272 3733 449 3784 sacratissimi
461 3745 561 3799 corpus
572 3746 588 3785 a
600 3734 710 3799 proprio
731 3733 886 3786 elevaretur
898 3732 1004 3786 tumulo
1015 3740 1044 3786 et
1054 3736 1135 3799 quasi
1153 3735 1266 3788 vicinior
1282 3745 1309 3785 cr
1320 3739 1344 3781 ct

142 3833 287 3885 sortiretur
306 3830 437 3884 obtentus
457 3832 609 3898 orandique
626 3832 733 3885 facilior
752 3832 921 3885 tribueretur
941 3844 1080 3884 accessus.
1094 3835 1237 3898 Quocuca,
1252 3819 1373 3889 elapsu!

141 3931 288 3985 credimus.
305 3942 362 3982 non
381 3929 506 3994 absenre,
521 3930 631 3983 eierato
651 3931 737 3997 ipsius
757 3931 1066 3995 sancussmoeorpore
1080 3945 1139 3984 nou
1157 3927 1344 4000 quauudccuit

139 4028 188 4083 scd
200 4035 302 4097 quanta
314 4029 402 4094 potuit
412 4028 545 4095 dignitate
556 4037 685 4082 erectum
696 4037 740 4082 est
750 4043 766 4081 a
780 4029 951 4097 spiritalibus
962 4030 1122 4083 senioribus
1135 4031 1257 4085 melioris
1267 4038 1344 4082 meuc

141 4131 198 4183 riae
208 4137 285 4182 extra
301 4129 410 4181 moenia
420 4130 619 4182 ciritatisbaud
628 4130 709 4197 longe
718 4131 747 4182 in
761 4129 904 4195 cujusdam
913 4128 1110 4182 eminentioris
1121 4131 1201 4198 apice
1211 4125 1344 4184 cacuminis

141 4229 215 4297 quod
226 4229 262 4282 ob
274 4228 455 4280 reserandam
467 4230 533 4280 tanti
547 4229 632 4294 patris
643 4227 827 4294 pertriduum
845 4228 884 4280 ibi
905 4228 1107 4294 permanentis,
1121 4243 1226 4296 perque
1245 4222 1345 4281 minati

77 4355 85 4370 ·
136 4334 217 4382 tatcur
229 4327 369 4392 signorum
380 4338 453 4391 quae
462 4326 565 4379 ibidem
575 4330 676 4393 quam·
688 4327 805 4393 plurima
815 4333 879 4380 sont
891 4332 996 4392 patrata
1008 4339 1059 4390 per
1070 4339 1147 4393 eum,
1155 4329 1249 4382 abhoc
1260 4327 1343 4379 diemo
1353 4314 1389 4403 'i

77 4423 85 4437 ⁴
135 4423 348 4492 turrigeramque
360 4434 534 4490 nuncupatur
553 4426 747 4480 lonsdaudii.
760 4427 800 4478 tbi
819 4424 902 4479 etiam
914 4437 947 4476 ex
967 4431 1035 4476 tunc
1046 4423 1154 4478 sollerti
1172 4427 1300 4480 industria
1315 4425 1346 4475 st
1386 4408 1389 4480 l

135 4527 248 4583 brodata
261 4524 373 4576 basilica
386 4525 415 4575 in
427 4526 532 4579 bonore
543 4527 630 4593 ipsius
643 4527 760 4580 udcboer
769 4526 904 4587 dedicata,
916 4537 989 4591 quae
1002 4538 1092 4590 usque
1106 4526 1189 4581 bodie
1200 4541 1217 4580 a
1229 4536 1345 4581 bausetis

139 4625 211 4679 tibus
221 4621 345 4677 cernitur
357 4623 511 4677 manifesta.
1165 4638 1174 4650 ·
