3082 5498
369 119 458 168 urso.
480 119 563 168 nar.
583 119 700 168 ranis.
718 139 765 148 —
780 119 857 168 con.
878 117 967 167 lilla.
1217 106 1279 171 221

74 289 137 355 huius
148 289 233 341 saneti
244 305 252 354 ;
265 300 330 340 ecce
343 286 462 353 qualiter
481 286 611 352 explicuit
622 299 734 338 cursum
753 287 847 353 agonis
860 287 912 340 sui.
926 289 1002 339 llunc
1015 287 1100 340 vultui
1114 286 1162 341 bei
1175 301 1284 355 semper

76 389 165 452 assistit,
178 388 343 441 sublimatus
362 386 449 454 gloria
461 391 488 438 et
507 386 621 452 honore,
635 391 662 438 et
673 386 792 438 sociatus
806 391 953 453 martyrum
967 388 1074 455 turmis,
1087 387 1283 441 innumerabili

79 487 154 540 hutur
173 487 245 539 felici
263 484 456 552 iucunditate3
479 486 579 552 quibus
600 485 673 537 idem
692 484 854 551 splendidus
873 485 1087 552 gloriosissimus
1110 488 1285 541 aeternaliter

81 586 177 649 dlectus,
191 586 373 652 perpetuatim
387 585 509 637 intuetur
521 591 585 637 eum
598 584 651 645 cui,
666 585 693 635 in
708 583 759 637 bac
775 586 911 649 praesenti
933 585 998 637 dum
1017 585 1120 638 advixit
1132 587 1196 654 vita,
1210 586 1284 640 dehi-

54 686 242 738 itunexhibuit
254 683 373 738 officium
388 683 544 737 famulatus.
557 685 663 736 Etenim
676 683 808 751 quamdiu
818 685 847 735 in
860 685 941 750 huius
951 684 1001 737 soli
1015 685 1152 752 ergastulo
1163 691 1283 739 moratus

83 789 116 850 est,
125 797 201 850 opere
213 784 372 850 adimplevit
381 782 448 836 illud
457 783 563 836 bomini
574 783 689 835 verbum
703 799 709 834 :
727 783 785 842 Qui
793 782 873 835 mibi
881 784 1054 852 ministrat,
1064 787 1282 852 meseqnainr.

83 883 135 936 baud
152 884 265 937 dubium
285 884 370 938 xenio
391 883 465 936 illius
488 882 642 936 dominicae
670 881 838 948 sponsionis,
860 896 915 950 quo
942 885 1107 937 remunerati
1132 889 1195 936 sunt
1219 883 1282 936 talia

83 981 244 1050 adimplentes,
257 983 293 1036 ab
313 983 413 1036 eodem
434 995 567 1048 sponsore
589 987 782 1035 remuneratur
795 997 801 1032 :
821 980 874 1034 Ubi
885 995 938 1048 epo
949 995 1028 1050 mm,
1041 982 1161 1036 scilicet
1173 981 1284 1036 illicet
1343 991 1344 994 ’

81 1081 195 1136 omnim
206 1096 295 1136 mean
307 1082 520 1136 indesinenter
531 1082 666 1148 dependo
684 1083 714 1134 ei
721 1081 885 1148 palmorio
897 1081 981 1134 vitae
992 1079 1128 1149 frnmdo
1147 1081 1283 1135 stabilic-

44 1174 124 1235 iltnr.
151 1184 198 1236 libi
224 1182 392 1249 tripudiatio]
422 1194 509 1236 orans
536 1182 642 1243 exultat
670 1179 845 1234 connexione
876 1181 1073 1247 apostolorum,
1099 1181 1282 1234 decorositate

80 1282 268 1344 prtdarcharum
281 1287 308 1335 et
321 1282 526 1348 prophetarum,
540 1279 713 1334 confessione
735 1280 810 1333 velut
832 1292 910 1335 rosae
928 1281 1100 1333 vernantium
1122 1284 1282 1348 martyrum,

79 1383 255 1435 mundialitate
267 1383 344 1449 quasi
357 1381 445 1435 violae
467 1381 619 1434 albentium
638 1380 838 1444 confessorum,
852 1380 1059 1446 incorruptione
1079 1393 1130 1433 ceu
1148 1381 1203 1434 lilia
1217 1382 1282 1434 ruti·

79 1475 168 1534 landun
180 1482 327 1550 virginum,
341 1479 517 1548 possidetque
529 1481 651 1534 lauream
672 1479 838 1533 inedicibilis
860 1479 963 1547 gloriae
977 1485 1005 1532 et
1016 1480 1113 1534 stolam
1126 1479 1283 1534 immortali·

79 1578 124 1631 tatis
133 1586 254 1633 aeternae
265 1598 273 1646 ;
287 1581 469 1646 praestolatur
482 1593 564 1646 porro
577 1585 637 1645 post
650 1580 717 1632 haec
729 1577 867 1644 duplicem
881 1579 991 1646 stolam,
1003 1592 1065 1632 cum
1079 1579 1108 1631 in
1120 1578 1175 1633 tine
1187 1577 1282 1632 mundi

44 1662 148 1732 “arnis
158 1681 239 1733 simul
251 1685 279 1733 et
290 1680 399 1733 animae
411 1679 545 1745 percipiet
558 1677 790 1733 immortalitatem
802 1682 952 1731 aeternam.

102 1776 126 1829 9.
137 1781 201 1832 Sane
223 1779 291 1833 nulli
313 1778 428 1832 dubium
440 1779 477 1831 sit
497 1779 616 1845 plurima
638 1783 698 1842 post
711 1777 880 1842 triumphum
892 1776 1013 1843 martyrii
1027 1777 1101 1830 hunc
1113 1781 1237 1830 sanctum
1256 1777 1285 1829 in

81 1871 169 1930 lumino
189 1879 287 1931 iecisse
305 1876 503 1931 miraculorum
523 1877 650 1944 insignia,
673 1889 744 1943 quae
768 1889 817 1928 nee
839 1876 988 1929 memoriae
1002 1880 1049 1928 aut
1060 1877 1162 1942 scripto
1181 1876 1286 1929 studuit

82 2065 156 2141 bigni
167 2075 296 2128 exercitio
309 2082 336 2127 et
348 2074 486 2127 theoricae
498 2074 568 2127 vitae
580 2072 698 2126 subdita.
712 2073 851 2140 Siquidem
871 2086 927 2126 non
945 2072 1102 2126 dubitamus
1114 2085 1178 2125 eum
1191 2084 1287 2125 caecos
1368 2102 1371 2109 ·

39 2142 235 2241 *llumnasse
248 2174 373 2239 leprosos
393 2172 550 2237 mundasse,
564 2171 721 2237 paralyticis
744 2171 815 2223 vires
837 2171 1024 2223 membrorum
1045 2169 1209 2237 reddidisse,
1224 2168 1286 2222 dae·

77 2271 149 2326 monia
159 2274 193 2326 ab
205 2274 328 2326 obsessis
340 2272 457 2340 fugasse,
471 2271 632 2337 reliquaque
645 2270 769 2322 miranda
783 2270 933 2338 peregisse,
947 2282 1017 2336 quae
1040 2269 1131 2323 stolidi
1148 2276 1175 2322 et
1188 2281 1286 2336 segnes

10 2370 13 2423 l
73 2379 116 2421 nou
123 2378 277 2439 satagerunt
288 2371 438 2424 memoriae
448 2376 495 2423 aut
502 2370 565 2423 stilo
575 2368 781 2422 commendare.
792 2370 846 2421 Nee
854 2367 922 2420 illud
933 2381 1032 2434 nempe
1043 2368 1284 2435 praetereundum,

68 2467 128 2533 duod
148 2469 309 2535 superstites
329 2469 536 2522 interfectorum
555 2468 613 2533 ejus
635 2467 681 2520 tali
708 2466 830 2519 denotati
855 2471 920 2519 sunt
941 2466 1040 2534 elogio,
1064 2468 1129 2533 quia
1152 2465 1284 2533 universi,

10 2602 12 2607 -
63 2565 236 2622 balbutientes
256 2575 284 2621 et
304 2566 383 2635 quasi
404 2567 617 2631 subsannantes,
631 2566 727 2632 privati
751 2566 904 2618 habeantur
922 2569 1012 2618 rectae
1026 2565 1173 2619 locutionis
1185 2563 1284 2619 officio.

14 2663 105 2720 Elios
122 2680 188 2736 ergo
208 2667 314 2733 coeptis
335 2665 419 2720 tinem
441 2667 613 2732 imponentes
635 2666 790 2719 orationum
815 2677 916 2716 munus
933 2665 1095 2718 accedamus
1113 2665 1147 2718 ad
1159 2669 1283 2717 sanctum

56 2765 244 2833 implorantes.

81 2866 221 2932 (Sequitur
233 2864 322 2918 oratio
336 2863 469 2917 tredecim
481 2863 609 2917 versibus
622 2862 791 2916 hexametris
802 2862 915 2930 illigata,
929 2874 1000 2928 quae
1013 2862 1052 2915 sic
1065 2862 1161 2928 incipit
1175 2864 1193 2928 ε)

290 2962 407 3016 arbitris
419 2963 553 3016 aethereis
564 2962 611 3030 qui
624 2962 676 3015 rite
689 2967 781 3015 tuetur
793 2962 923 3026 habenas,

201 3559 448 3650 DGXXVIII.
472 3559 597 3647 Codex
617 3559 805 3668 signatus
828 3583 941 3648 num.
968 3558 1115 3648 14143.

80 3830 153 3882 olim
167 3847 182 3874 α
200 3839 236 3879 ex
247 3823 419 3878 corbeiensis
441 3822 599 3875 monasterii
618 3821 818 3887 bibliotheca»,
832 3820 931 3873 deinde
950 3823 1119 3888 San-Germ,
1133 3817 1279 3885 prisseio,

47 3931 192 3985 recentius
206 3929 279 3981 tibh.
787 4000 788 4003 Ἴ

81 4032 226 4085 Foliorum
240 4030 282 4090 82,
295 4026 363 4078 min.
376 4023 596 4089 (oualxonlh),
611 4022 690 4073 lineis
709 4021 808 4089 plenis,
819 4026 947 4074 exaratus
960 4033 1030 4074 saec.
1045 4022 1088 4072 lx.

152 4129 193 4204 1⁰
210 4125 386 4227 [Carmen
405 4124 454 4199 de
472 4125 605 4199 sancto
624 4118 846 4220 benedicio]
863 4118 939 4216 lfol.
961 4117 1129 4216 bilbili).

78 4259 298 4326 paractericum,
321 4262 432 4310 auctme
450 4254 534 4308 Paulo
555 4253 682 4317 hierone,
696 4252 740 4305 ed.
761 4252 842 4304 Risi.
861 4251 994 4319 Lcnpob.
1012 4249 1067 4318 (ed.
1086 4250 1237 4302 bethmann
1253 4253 1281 4302 et

42 4363 153 4427 waitz),
169 4360 219 4414 lib.
232 4370 251 4424 ι,
265 4371 326 4424 cap.
339 4356 371 4410 ao
382 4356 421 4423 (p.
434 4354 531 4419 diiii

1271 4818 1472 4976 Δ
