3082 5498
166 107 231 172 190
503 122 628 172 carah.
649 122 750 172 cono.
771 122 946 172 anatona.
964 122 1045 172 nur.

164 290 290 345 homines
307 291 475 344 vexabantur
487 298 514 344 el
526 290 698 351 deridebant,
712 293 858 359 implentes
870 292 966 358 spirim
979 291 1116 345 diabolico
1135 303 1193 353 eos,
1208 291 1247 344 ita
1260 296 1290 343 ut
1301 288 1390 357 loque·

163 396 260 444 rentur
270 403 382 444 omnem
394 392 593 458 blasphemiam
607 397 633 446 et
645 405 756 445 ornnem
769 393 901 446 malitiam
918 393 997 459 quasi
1016 391 1179 457 daemones,
1193 391 1337 457 ejecerunt
1347 402 1392 443 eos

162 496 189 544 et
199 492 364 557 expulerunt
376 505 392 544 a
403 493 564 559 corporibus
578 493 721 546 hominum
733 493 780 560 qui
794 506 856 546 enm
875 506 931 546 non
949 493 1153 560 cognoscebant
1166 498 1194 544 et
1206 491 1335 545 iecerunt
1345 503 1391 543 eos

163 589 203 642 ire
215 591 243 643 in
255 591 384 657 abyssum
396 604 446 657 per
465 593 633 677 voluntatem
653 592 802 646 conditoris
818 592 886 645 caeli
908 597 935 644 et
956 595 1045 645 terrae
1063 592 1214 658 marisque.
1229 590 1389 644 llominibus

161 700 272 753 quoque
284 689 313 741 in
326 690 432 741 bomini
446 691 593 757 majestate,
608 692 679 743 Patri
701 698 728 742 et
749 691 815 743 Filio
830 703 918 743 necne
939 690 1052 755 Spiritui
1071 699 1177 755 sancto,
1191 689 1323 743 omnibus
1334 702 1389 742 cre·

162 783 229 838 dere
239 787 405 855 volentibus,
418 801 487 855 quos
501 789 619 855 Spiritus
631 793 741 842 sanctus
754 789 817 856 igne
829 789 871 842 sui
883 788 985 842 amoris
998 787 1080 842 corda
1098 801 1194 842 eorum
1208 801 1259 854 per
1269 788 1404 840 interces-

161 885 268 938 sionem
283 891 438 940 sanctorum
452 900 564 940 suorurn
578 888 712 954 Genulphi
723 892 749 941 et
758 889 847 942 (leniti
857 886 1030 952 accenderat,
1040 888 1165 941 recenant
1174 900 1223 940 eos
1232 899 1404 954 cognoscem

161 984 258 1048 [viam]
268 986 398 1053 justitiae,
412 1000 461 1052 per
473 1000 555 1053 quarn
568 988 590 1039 si
603 988 674 1040 bene
686 988 880 1052 incederimus,
891 987 1085 1052 perveniemus
1102 986 1135 1038 ad
1145 985 1300 1039 claritatem
1312 984 1404 1037 aisio-

161 1084 205 1135 nis
217 1090 357 1151 aeternae,
371 1085 512 1151 quomodo
523 1088 610 1138 saneti
623 1088 669 1140 liei
683 1089 844 1140 innocentes
856 1091 989 1152 martyres
1003 1085 1049 1151 qui
1063 1097 1111 1151 pro
1124 1085 1192 1138 ribo
1203 1085 1251 1138 bei
1260 1084 1404 1142 moncel.-

161 1189 237 1248 sunt,
249 1164 386 1238 ueletiam
401 1186 573 1252 patriarchae
585 1186 645 1239 sive
656 1187 772 1252 apostoli
785 1186 872 1239 sancti
884 1189 966 1252 atquc
981 1185 1177 1253 evangelistae,
1197 1195 1313 1238 necnon
1325 1197 1404 1243 mar}

160 1285 234 1348 tgres
247 1285 334 1336 sancti
347 1298 396 1337 seu
408 1286 581 1338 confessores
593 1286 693 1338 Christi
714 1292 797 1352 atque
817 1286 937 1354 virgines
958 1290 1068 1337 sanctae
1082 1296 1192 1337 necnon
1205 1284 1289 1337 etiam
1304 1283 1404 1348 coan

160 1386 236 1446 gatae
248 1395 345 1436 omnes
358 1383 451 1437 lideles
463 1392 659 1450 pervenerunt,
672 1391 699 1438 et
711 1384 876 1453 fulgebimus
889 1398 951 1438 cum
964 1385 1005 1438 eis
1017 1384 1087 1436 sicut
1098 1384 1140 1437 sol
1152 1382 1241 1451 fuiget
1253 1383 1284 1435 in
1295 1384 1404 1443 virtu!

160 1482 282 1548 caelesti,
295 1489 322 1537 et
332 1484 518 1551 judicabimus
529 1498 593 1538 curn
604 1485 737 1552 apostolis
749 1487 913 1539 universum
927 1485 1034 1539 orbem.

194 1579 225 1634 8.
240 1585 259 1634 0
272 1583 366 1636 civitas
378 1584 591 1650 calumnensis,
604 1598 676 1651 quae
689 1590 730 1637 est
743 1584 839 1637 similis
851 1585 890 1638 tui
903 1584 1014 1637 inuenta
1033 1584 1061 1635 in
1079 1587 1136 1637 loto
1154 1583 1223 1636 orbe
1236 1587 1404 1646 terrarum]

161 1683 201 1733 Tu
214 1681 289 1734 enim
303 1684 422 1749 projecta
434 1697 464 1736 es
485 1689 512 1737 et
535 1684 664 1738 destituta
682 1697 697 1737 a
715 1690 823 1751 pastore
840 1688 898 1750 tuo,
918 1683 965 1750 qui
979 1688 1005 1735 te
1017 1682 1148 1736 enutrivit
1159 1683 1189 1735 in
1209 1681 1404 1743 adolescent-

161 1783 217 1844 iua,
230 1781 303 1834 velut
322 1788 396 1835 terra
417 1783 489 1835 invia
510 1789 537 1836 et
554 1784 625 1837 sicut
645 1796 709 1837 ores
727 1785 832 1851 absque
853 1788 961 1849 pastore
982 1782 1038 1836 sive
1060 1782 1151 1834 sontes
1168 1783 1249 1848 eujus
1261 1780 1404 1845 deliciug

160 1890 258 1945 aquae.
271 1881 347 1944 Quod
369 1881 391 1933 si
412 1882 604 1935 meminissent
624 1883 679 1935 nati
700 1883 750 1948 tui,
771 1881 820 1950 qui
840 1883 871 1934 in
891 1887 918 1935 te
937 1887 1001 1935 sunt
1018 1881 1153 1947 procreati
1165 1880 1346 1949 velgeuerati
1375 1894 1404 1944 ap

160 1980 274 2034 exordio
297 1980 431 2034 adrentus
453 1982 538 2047 patris
562 1982 626 2034 almi
651 1981 1011 2049 Genulii,larnentationem
1035 1980 1189 2033 llieremiae
1212 1991 1284 2047 quaa
1305 1978 1405 2039 dicit:

162 2078 318 2138 Quomodo
329 2081 414 2134 sedet
426 2083 494 2135 sota
506 2082 618 2135 civitas
629 2083 641 2135 l
654 2085 681 2135 et
692 2088 794 2146 celcra,
804 2089 834 2134 tu
843 2093 954 2148 quoque
966 2081 1161 2147 planctuillius
1170 2081 1270 2133 similis
1279 2078 1399 2140 luisses.

158 2177 237 2246 dudi,
251 2178 375 2245 inquam,
388 2179 452 2233 audi
467 2197 474 2232 ε
489 2182 630 2233 nonenim
644 2182 693 2233 tibi
707 2182 834 2247 alloquor
845 2194 917 2247 quae
934 2193 965 2233 es
984 2184 1060 2245 petra
1071 2177 1131 2232 sive
1143 2184 1316 2234 caementum
1331 2182 1391 2234 sire

159 2272 314 2328 aedificium
328 2288 411 2328 manu
431 2276 543 2343 iactum,
564 2277 613 2330 sed
634 2278 739 2331 ciuibus
759 2279 812 2331 tuis
833 2278 881 2344 qui
902 2277 931 2330 in
952 2282 978 2330 te
990 2283 1063 2344 sunt,
1077 2280 1133 2330 tam
1144 2276 1295 2343 majoribus
1305 2289 1388 2341 quam

159 2373 324 2439 minoribus,
338 2380 392 2427 tarn
406 2375 518 2429 senibus
538 2390 620 2443 quam
638 2377 797 2443 juvenibus,
811 2383 866 2430 tarn
887 2377 1070 2429 matrimoniis
1086 2376 1243 2442 conjunclis
1254 2387 1329 2442 quarn
1338 2375 1381 2425 in·

158 2473 259 2540 nuptis,
274 2479 328 2526 tarn
342 2475 435 2540 pueris
444 2488 525 2541 quam
539 2476 649 2541 puellis.
662 2478 708 2529 llic
721 2489 795 2544 ergo,
810 2487 885 2543 rogo,
898 2476 976 2541 mihi,
990 2475 1012 2527 si
1025 2475 1161 2543 intellegis
1174 2475 1218 2528 vel
1230 2475 1253 2527 si
1264 2473 1309 2527 tibi
1318 2480 1379 2526 curn

158 2572 276 2639 estqnid
298 2576 325 2626 te
342 2575 491 2642 interrogo.
514 2575 563 2627 tibi
582 2581 622 2628 est
646 2576 740 2628 civitas
763 2577 792 2627 in
814 2580 870 2628 toto
891 2580 1028 2627 terrarum
1049 2574 1117 2627 orbe
1137 2587 1211 2641 quae
1224 2585 1278 2627 non
1290 2569 1376 2625 habeat

157 2674 301 2736 patronum
314 2686 395 2725 suum
408 2673 525 2739 primurn
538 2675 585 2740 qui
594 2687 654 2727 eam
667 2674 802 2728 convertit
814 2673 848 2726 ad
861 2673 958 2726 Christi
971 2672 1064 2739 iidem,
1079 2673 1131 2725 nisi
1145 2677 1177 2726 tu
1189 2671 1268 2727 solat
1282 2672 1305 2724 Si
1314 2665 1374 2722 inei·
1390 2653 1404 2704 ²

95 2802 97 2806 -
158 2768 264 2833 piamus
275 2770 310 2823 ab
323 2770 518 2836 Hierosolyma,
532 2771 569 2823 ibi
583 2778 624 2823 est
636 2772 768 2837 templum
781 2771 888 2825 bomini
900 2775 983 2837 atque
996 2771 1152 2837 sepulcrum
1167 2773 1227 2838 ejus
1238 2770 1368 2839 gloriosum

157 2866 186 2919 iu
198 2869 326 2922 universa
338 2872 419 2922 terra.
433 2869 486 2923 Sed
501 2870 564 2924 nolo
577 2875 607 2923 ut
620 2883 709 2923 moras
725 2870 857 2923 faciamus
871 2871 908 2923 de
934 2869 1071 2922 universis
1088 2869 1245 2923 civitatibus
1261 2867 1304 2935 qui
1318 2862 1372 2918 suut

160 2966 188 3019 in
201 2968 328 3021 uniuerso
339 2969 406 3021 orbe
419 2967 543 3034 diffusae,
558 2969 631 3036 quod
644 2972 848 3037 una[quae]que
861 2970 960 3023 habeat
973 2974 1112 3035 pastorem
1125 2983 1218 3033 suum,
1231 2969 1275 3021 cui
1287 2962 1368 3020 Christi

156 3067 268 3120 nornine
279 3074 321 3120 est
333 3067 431 3132 dicata,
445 3071 529 3122 Roma
541 3072 693 3122 Petrum...‚
706 3068 859 3136 (Sequitur
871 3068 1008 3121 dimidia
1015 3067 1138 3135 pagina
1152 3068 1278 3132 vacua.)

189 3164 222 3218 9.
235 3166 318 3232 lgitur
330 3179 381 3219 nec
395 3180 410 3219 a
426 3166 505 3219 nobis
518 3167 654 3220 silendum
669 3172 711 3219 est
722 3167 763 3218 vel
776 3167 921 3219 tacendum
942 3165 1008 3233 quid
1028 3166 1160 3218 hominus
1172 3165 1280 3231 operari
1291 3154 1403 3232 dgna-il

124 3319 127 3323 ,
156 3269 254 3316 ῑιιεόεῑ
270 3264 305 3316 ad
319 3264 427 3318 laudem
440 3271 467 3318 et
477 3266 592 3333 gloriam
606 3267 725 3321 nominis
738 3267 780 3319 sui
792 3271 874 3334 atque
883 3265 917 3319 ad
927 3265 1114 3319 incitationem
1127 3264 1211 3318 corda
1224 3264 1376 3331 populorum

157 3363 352 3416 convenientes
369 3364 403 3416 ad
417 3366 574 3430 sepulcrum
586 3366 650 3419 almi
663 3366 797 3432 praesulis
809 3368 856 3419 Ge.
871 3365 931 3418 Fuit
943 3365 1017 3417 enirn
1031 3363 1149 3431 quadam
1169 3364 1262 3431 puella
1273 3376 1378 3430 pauper·

155 3461 217 3515 cula
230 3464 312 3516 rebus
325 3464 462 3529 humanis,
477 3465 526 3518 sed
538 3465 615 3518 dites
624 3479 790 3533 permanens
801 3467 829 3518 in
837 3467 942 3533 Christo
952 3465 1161 3531 inspicientibus
1168 3465 1257 3519 oculis
1265 3463 1381 3518 carneis.

155 3560 240 3627 lgitur
251 3563 337 3625 [cum]
349 3563 452 3615 aestivo
466 3567 587 3629 ternpore
600 3565 666 3617 haec
679 3565 769 3630 puella
786 3577 849 3617 curn
868 3564 928 3617 aliis
946 3563 1116 3617 messoribus
1132 3564 1198 3616 isset
1208 3562 1244 3616 ad
1257 3564 1382 3631 colligen-

155 3658 206 3712 dos
217 3661 374 3727 manipulos
385 3663 414 3715 in
432 3676 497 3730 agro
519 3663 564 3716 die
586 3664 772 3730 sabbatorum,
793 3663 894 3720 accidit
916 3669 947 3717 ut
966 3669 1049 3718 totam
1070 3663 1145 3716 illam
1164 3664 1240 3717 diem
1252 3677 1341 3732 usque
1353 3666 1404 3718 iul

155 3759 250 3813 horam
261 3775 361 3816 nonam
376 3775 473 3816 ornnes
485 3768 577 3815 essent
587 3765 712 3828 occupati
733 3766 761 3816 in
783 3765 840 3831 agri
861 3775 955 3830 opera.
974 3765 1084 3816 Factum
1098 3768 1141 3816 est
1151 3770 1246 3817 autem
1260 3770 1292 3816 ut
1304 3765 1386 3829 [cum]

154 3859 222 3913 haec
234 3861 333 3927 puella,
348 3875 430 3929 quam
444 3875 526 3928 supra
538 3863 666 3928 diximus,
680 3862 763 3917 vellet
774 3862 927 3929 adimplere
940 3876 1009 3929 opus
1018 3862 1091 3929 qnod
1105 3868 1237 3928 coeperat
1248 3863 1283 3916 de
1294 3863 1386 3918 labore

152 3971 285 4012 manuum
297 3973 409 4013 suarum
422 3963 494 4014 circa
506 3962 601 4015 horam
615 3968 771 4027 nonan1,nt
789 3963 939 4030 cingulum,
960 3960 1034 4028 quod
1055 3961 1229 4027 manipulum
1252 3965 1387 4017 constrin-

150 4071 216 4126 gere
228 4059 354 4126 volebat,
379 4061 541 4114 inhaesisset
561 4075 644 4114 manu
669 4063 727 4126 ejus
748 4062 877 4115 dexterae
895 4067 950 4114 tam
972 4061 1077 4115 fortiter
1094 4066 1125 4114 ut
1142 4061 1221 4114 nulla
1233 4061 1336 4117 misser
1346 4077 1389 4117 ars

151 4156 354 4213 incantatorum
367 4161 414 4226 qui
427 4173 490 4213 eum
503 4161 642 4228 cingulum
656 4174 671 4213 a
683 4161 774 4229 digitis
787 4162 846 4227 ejus
859 4161 992 4226 potuisset
1009 4160 1176 4213 abstrahere.
1193 4162 1275 4224 Quod
1291 4164 1387 4217 ridens
1402 4197 1404 4207 «

151 4258 254 4323 puella,
267 4259 314 4325 qui
328 4258 399 4311 male
411 4260 573 4324 patiebatur,
594 4261 621 4311 in
636 4273 666 4313 se
678 4260 758 4313 talem
770 4261 887 4326 operari,
903 4260 1020 4325 perrexit
1033 4258 1068 4330 ad
1079 4259 1220 4312 tumulum
1232 4261 1303 4314 almi
1316 4276 1389 4331 prae

149 4355 218 4408 sulis
230 4359 288 4423 Ge,
302 4365 332 4409 ut
343 4359 395 4411 sibi
408 4358 533 4411 misereri
554 4358 716 4426 dignaretur
736 4359 880 4426 deprecari
901 4358 1000 4425 coepit.
1021 4360 1106 4422 Quam
1128 4358 1238 4412 alumni
1259 4362 1390 4430 ejusdem
