3082 5498
231 124 325 176 arec.
345 125 426 176 aar.
447 126 564 175 annu.
584 145 629 154 -
644 124 798 174 urrann.
819 125 865 172 nu
883 123 960 173 ooo.
984 121 1072 172 isca.
1214 109 1280 175 327

34 299 167 349 maxima
179 297 334 349 consistens
348 293 463 346 infirmis
475 293 590 346 sanandi
604 306 678 356 curu,
695 293 699 358 Ι
715 292 851 345 debilibus
864 299 890 345 et
904 293 1008 345 mancis
1024 293 1080 345 sive
1093 293 1198 345 claudis
1212 293 1284 346 sani·

34 402 131 448 tatum
145 394 268 448 reddidit
281 395 367 447 lurra.

72 498 233 548 Daemones
245 494 386 559 expellens
399 492 556 546 immundos
570 505 618 558 per
628 493 740 544 obsessa
750 503 874 557 corpora,
890 493 895 558 1
910 490 1036 544 sensifico
1045 490 1187 544 doctrinae
1196 491 1283 559 gradu

34 608 143 648 eorum
158 593 299 647 roboravit
309 597 430 658 pectora.

10 698 20 747 i
73 693 161 747 llaud
172 705 253 745 secus
266 693 294 744 in
304 693 385 759 liujus
395 690 522 744 rutilabat
532 676 634 743 saeculi
645 691 744 754 orbita,
760 691 764 755 Ι
780 690 814 741 ab
824 689 959 742 universis
970 695 1145 756 peccatorum
1155 689 1284 743 auterens

39 793 156 858 nubila,
171 793 176 858 1
192 805 275 858 quarn
288 791 352 844 luna
365 792 417 845 sub
431 791 520 843 medio
533 790 602 842 eaeli
614 790 726 841 cardine
741 790 838 854 posita.

76 892 152 957 Quid
171 892 268 958 plura?
280 896 354 944 certe
372 891 394 942 si
413 890 502 943 ferrea
521 888 602 942 nobis
615 888 724 942 adesset
741 894 837 941 natura
852 887 857 956 Ι
872 894 919 941 aut
930 888 1005 941 rnille
1020 902 1115 941 vocum
1129 901 1177 942 ora
1189 896 1284 942 contra

41 1006 130 1046 usum
143 997 285 1058 sonatum,
301 994 307 1056 ι
321 991 397 1044 nullo
419 991 500 1043 modo
513 991 583 1043 beati
606 991 733 1055 Exuperii
754 991 930 1056 exuperantis
950 990 1095 1042 viribititer
1106 990 1180 1056 vitia,
1195 987 1200 1055 Ι
1214 1002 1285 1057 quae

44 1091 121 1143 beas
133 1091 197 1156 pius
209 1103 257 1156 per
268 1090 345 1142 ilium
358 1089 424 1142 dum
437 1090 541 1142 vixerat
553 1094 680 1155 operatus
692 1094 733 1140 est
746 1088 774 1140 in
786 1088 904 1140 saecula.

10 1188 32 1238 lo
82 1189 197 1242 Lectio
216 1191 365 1242 murlo.
378 1193 489 1242 -Gum
511 1195 600 1241 autern
622 1189 710 1242 almus
723 1195 796 1241 esset
817 1189 967 1254 Exuperius
989 1189 1084 1241 aetatis
1096 1192 1271 1254 provectae!

46 1287 189 1356 dogmatis
210 1302 241 1342 ae
261 1289 331 1341 sacri
352 1289 471 1341 refertus
491 1287 687 1354 profunditate,
702 1291 707 1353 Ι
723 1299 778 1353 quo
797 1300 852 1339 non
871 1287 928 1354 jam
954 1286 1005 1338 sub
1031 1287 1143 1341 alterius
1161 1295 1286 1341 maneret

47 1383 179 1441 docentis
191 1387 334 1455 regimine,
349 1386 355 1455 Ι
369 1400 464 1440 verum
483 1387 541 1453 ipse
553 1387 659 1439 eunctis
677 1386 746 1439 ioret
758 1387 810 1439 sub
824 1386 970 1454 magistrali
985 1399 1081 1439 norma
1095 1386 1251 1452 vincimine,
1267 1388 1273 1452 Ι

47 1484 136 1554 elegit
153 1501 218 1541 eum
239 1488 370 1541 bominus
388 1487 470 1540 trium
487 1491 657 1551 anctorum,
679 1487 782 1539 scilicet
805 1486 878 1539 beati
897 1487 1025 1553 Dionysii,
1046 1487 1187 1539 Saturnini
1205 1492 1287 1563 atque

49 1582 193 1650 Martialis,
206 1586 378 1640 ordinatione
392 1587 397 1652 Ι
412 1585 446 1639 ad
460 1585 622 1652 pontificalis
635 1585 745 1637 culmen
759 1586 870 1638 honoris
884 1586 1038 1638 baiocensis
1050 1586 1192 1638 ecclesiae.

10 1673 37 1727 ¹5
86 1686 121 1738 ln
132 1686 183 1740 boe
195 1687 387 1751 comprobatur
404 1686 478 1739 vocis
491 1698 581 1738 sermo
601 1685 783 1750 evangelicae,
799 1689 804 1749 Ι
819 1685 893 1751 quod
912 1684 1079 1751 ubicumque
1101 1684 1156 1739 duo
1170 1685 1213 1738 vel
1231 1690 1287 1739 tres

50 1780 184 1839 videntur
207 1787 320 1839 nornine
342 1785 394 1838 sub
415 1786 521 1839 bomini
543 1785 696 1852 congregati
719 1785 787 1849 iore,
802 1786 807 1851 1
822 1798 885 1837 eum
910 1785 939 1837 in
962 1784 1053 1837 medio
1083 1797 1179 1839 eorum
1202 1787 1285 1850 [esse]

52 1886 151 1942 broeut
162 1884 248 1939 dubio
259 1899 321 1938 curn
334 1885 442 1939 decore.

93 1985 171 2039 Valde
183 1986 296 2053 etenim,
310 1987 415 2051 iratres,
428 1987 549 2039 creditur
560 1987 668 2049 decere,
685 1987 690 2052 1
705 1993 735 2038 ut
755 1999 837 2053 quem
850 1990 889 2039 tot
901 1998 1043 2052 compares
1055 1985 1172 2055 elegere,
1188 1987 1192 2052 Ι
1208 1985 1286 2038 illum

58 2078 204 2137 vinudbus
215 2085 383 2138 multimodis
395 2091 458 2138 ante
470 2085 562 2151 plures
580 2085 693 2153 fulgere,
709 2084 714 2152 l
729 2088 776 2151 qui
789 2097 839 2151 per
853 2086 912 2151 ejus
924 2084 1144 2139 conversationis
1160 2085 1285 2151 exempta

17 2160 47 2217 ἢ
63 2172 139 2234 tuem
151 2183 313 2235 catholicam
326 2185 438 2249 petiere.

94 2282 268 2348 inprimitus
297 2288 356 2347 post
375 2289 512 2349 acceptam
533 2297 548 2336 a
571 2284 686 2336 bomino
708 2283 926 2336 benedictionem
949 2295 1011 2335 vere
1026 2283 1031 2348 Ι
1046 2282 1201 2350 divulgatur
1230 2294 1285 2336 non

66 2379 197 2433 nodieurn
214 2381 464 2445 ¹construendarunr
490 2394 611 2434 amorem
644 2382 821 2435 eeclesiarum
847 2381 965 2445 babere,
982 2383 987 2448 Ι
1002 2379 1073 2435 sicut
1096 2381 1125 2433 in
1149 2382 1285 2446 praesenti

67 2479 170 2538 potesta
184 2480 316 2545 opusculo
329 2480 487 2534 meminere.

92 2577 206 2630 Parvum
217 2577 356 2644 quondam
377 2579 525 2632 oratorium
539 2580 567 2631 in
587 2579 683 2631 eadem
697 2579 838 2631 baiocensi
850 2580 988 2632 collocans
1000 2580 1078 2645 urbe,
1094 2581 1098 2643 Ι
1114 2593 1168 2645 quo
1181 2580 1286 2646 praedi·

16 2651 56 2719 ἦ
66 2676 172 2729 tationis
183 2676 366 2730 ministerium
381 2677 502 2731 bdelium
523 2684 679 2746 suggereret
700 2679 806 2742 turbae,
821 2680 826 2744 Ι
842 2679 870 2731 in
892 2679 996 2732 bonore
1014 2685 1125 2731 sanetae
1148 2679 1193 2731 bei
1205 2691 1286 2747 gene·

66 2775 132 2828 bieis
148 2776 258 2841 leriae,
273 2782 278 2840 Ι
293 2783 320 2829 et
331 2777 399 2831 inibi
412 2790 513 2831 nornen
526 2779 623 2830 cbristi
636 2778 773 2831 invocavit
785 2783 864 2831 noete
877 2778 975 2831 audie.

89 2877 204 2942 Semper
224 2877 296 2929 enirn
318 2877 444 2930 caelestis
464 2878 605 2944 postulans
625 2877 790 2944 adjutorium
811 2877 923 2945 gratiae,
940 2879 990 2941 lut
1002 2877 1052 2931 sibi
1066 2878 1286 2934 commendatum

63 2977 190 3041 populum
204 2978 250 3028 bei
262 2977 343 3043 digne
358 2977 362 3043 l
377 2985 467 3044 posset
480 2992 562 3043 super
580 2979 703 3031 onmium
717 2978 843 3031 vitiorum
855 2977 1005 3031 defendere
1017 2980 1089 3045 igne.

92 3076 198 3128 Etenim
209 3077 255 3129 ilio
269 3089 324 3129 non
347 3077 561 3130 confunderetur
574 3077 708 3131 baviticae
726 3079 867 3144 prophetia
880 3079 994 3145 paginae
1009 3096 1015 3130 :
1032 3085 1036 3138 l
1059 3079 1206 3132 Voluntas
1223 3081 1289 3146 elur

10 3163 46 3228 δῦ
60 3179 105 3230 eet
121 3176 156 3228 in
168 3177 293 3229 Domini
316 3177 379 3243 tege
393 3179 397 3238 Ι
411 3179 441 3230 et
453 3177 486 3229 in
499 3179 569 3245 ipsa
582 3177 786 3231 meditabitur
798 3178 898 3231 diecto
910 3180 1006 3230 nocte.
1023 3176 1028 3241 l
1042 3178 1079 3230 Et
1096 3179 1156 3231 erit
1170 3180 1289 3246 tignum

58 3279 141 3345 quod
147 3278 332 3343 plautatum
344 3279 389 3330 est
401 3291 490 3331 secus
502 3279 653 3331 decursos
665 3292 775 3345 oquae,
792 3279 796 3344 1
812 3278 893 3344 qaod
903 3276 1045 3343 fructum
1057 3292 1151 3332 suam
1160 3279 1247 3333 dabit
1256 3281 1290 3334 in

58 3378 254 3431 convenienti
265 3382 411 3445 tempore,
427 3378 432 3442 1
449 3379 498 3431 boe
511 3385 551 3430 est
563 3380 670 3431 animas
682 3380 710 3431 in
724 3379 768 3431 die
779 3379 874 3445 judicii
890 3379 1072 3444 praesentabit
1084 3379 1190 3432 Christo
1208 3381 1289 3432 simut

55 3490 121 3528 curn
135 3488 261 3541 corpore,
277 3493 282 3542 1
296 3479 325 3529 et
336 3474 449 3542 folium
461 3477 537 3542 ejrts,
546 3476 572 3527 id
584 3483 623 3529 est
634 3476 798 3542 praedicatio
813 3477 906 3529 divina
920 3477 1025 3535 sedule,
1041 3477 1045 3542 Ι
1060 3477 1138 3542 quasi
1151 3477 1245 3530 iolium
1255 3479 1290 3530 de

54 3577 159 3629 arbore
173 3576 179 3642 1
195 3578 231 3628 ita
243 3577 393 3641 procedens
406 3577 616 3641 praedicationis
628 3576 744 3628 eruditio
758 3589 841 3642 super
855 3577 906 3630 boc
918 3581 1012 3629 saneto
1026 3577 1146 3641 bomine,
1163 3576 1167 3642 Ι
1182 3577 1290 3643 aequit

10 3683 32 3734 'ri
51 3678 124 3730 ulto
139 3677 228 3730 modo
240 3674 391 3744 diffluere,
408 3676 412 3742 Ι
427 3677 481 3729 red
495 3678 528 3728 iu
540 3676 682 3729 ovrtnr‘bus
696 3689 906 3743 quoecumque
916 3676 1013 3744 faciet
1022 3676 1248 3743 rronpromtttil
1256 3690 1290 3730 se

53 3776 91 3828 in
113 3776 246 3842 alr'quod
268 3774 397 3842 facinus
408 3788 509 3839 ruere,
526 3777 530 3839 1
546 3777 673 3841 quoniam
687 3789 769 3842 supra
783 3774 887 3827 firmam
902 3776 1000 3843 legitur
1012 3783 1115 3841 petram
1128 3778 1289 3831 consistere.

89 3879 218 3941 Cumque
231 3875 294 3927 talia
306 3876 506 3939 comperissent
520 3888 568 3939 per
581 3875 725 3927 circuitum
740 3875 862 3941 ejusdcm
876 3876 996 3942 regionis
1006 3876 1122 3938 incolae,
1138 3877 1143 3941 Ι
1159 3889 1219 3928 nvox
1232 3876 1292 3941 uui·

51 3976 124 4029 darn
135 3975 244 4040 publice
256 3975 459 4040 appropiantes,
471 3975 597 4026 clancule
612 3975 616 4040 1
631 3975 715 4040 aliqui
729 3975 923 4028 conducuntur
936 3977 1015 4027 beato
1033 3977 1091 4027 viro
1105 3976 1155 4027 sub
1171 3974 1290 4040 pellecti·

49 4077 135 4130 libus
165 4074 325 4139 Baianolae3
349 4072 353 4140 Ι
377 4074 562 4139 omnibusque
592 4073 730 4141 languidis
765 4075 877 4126 abstulit
905 4075 1071 4126 infirmitatis
1096 4073 1291 4126 detrimentum

10 4185 28 4236 o
52 4173 217 4238 malivolae,
234 4183 238 4238 ι
253 4173 417 4239 impendens
428 4173 579 4239 sapientiae
589 4173 723 4225 medelam
736 4172 889 4226 erudiendo
902 4173 1037 4225 benivole.

89 4279 202 4328 interea
216 4272 337 4339 denique
350 4273 400 4325 sub
414 4273 538 4338 ejusdem
561 4273 684 4338 partibus
706 4272 870 4338 provinciae.
887 4273 891 4337 Ι
906 4271 1017 4338 quidam
1040 4285 1169 4339 paganus,
1190 4275 1293 4339 Regno

51 4380 168 4434 bertus,
184 4374 250 4425 baec
271 4372 396 4433 audiens,
416 4374 537 4432 nornine,
554 4375 558 4437 Ι
574 4374 643 4425 sieut
664 4372 698 4423 de
721 4372 766 4424 bei
787 4374 1000 4438 cunctipotentis
1020 4371 1117 4425 accidit
1139 4372 1281 4440 bomine!
