3076 5498
312 305 406 355 aron.
425 305 508 356 nar.
529 304 647 355 rarus
666 326 712 336 -
726 305 881 356 arpano.
902 307 948 355 an
965 305 1044 356 coo.
1065 306 1157 357 rsus.
1281 291 1344 358 311

282 481 463 544 Minaeum
481 479 515 544 S.
535 481 706 545 Maenorru
723 499 804 546 rosr
821 499 961 546 uonraru
978 478 1058 561 (Cir.
1078 480 1184 567 ibid).

130 679 198 728 De
210 674 350 739 paganis
360 674 448 727 illius
459 677 642 740 sepulcrum
653 675 861 729 violantibus.
874 705 906 713 -
929 676 1075 741 descriptis
1097 677 1230 729 hactenus
1241 677 1347 730 virtuti·

130 786 161 825 us
179 773 333 825 beatissimi
345 773 476 840 llaglorii,
499 774 563 826 licet
582 774 627 825 vili
650 782 799 839 caractere,
821 775 922 841 quibus
943 774 1008 826 dum
1030 774 1171 828 adviveret
1188 780 1218 828 ut
1229 774 1346 828 caeleste

130 871 198 923 idus
209 871 237 922 in
250 871 332 923 terris
340 873 462 938 emicuit,
477 886 551 925 nunc
572 877 676 926 restant
697 887 783 940 pauca
803 887 874 940 quae
895 875 1043 927 memoriae
1064 877 1213 927 occurrunt
1224 873 1259 926 de
1271 873 1346 925 illius

130 976 183 1032 post
195 972 296 1023 ohitum
309 972 448 1025 miraculis
459 974 597 1038 praesenti
610 975 686 1040 operi
708 975 840 1027 inserere.
856 977 999 1040 Postquam
1021 975 1104 1039 igitur
1122 978 1233 1028 sanctus
1250 973 1346 1041 llaglo·

130 1067 203 1135 rius,
226 1071 302 1123 tortis
324 1071 436 1138 athleta,
454 1073 568 1125 victoria
590 1074 712 1139 potitus,
737 1072 814 1126 linito
838 1075 987 1127 certamine
1019 1087 1080 1127 cunr
1113 1074 1227 1140 antiquo
1258 1075 1345 1138 hoste,

134 1164 197 1220 laeto
207 1171 295 1224 animo
308 1171 514 1238 transmigraret
525 1171 559 1224 ad
572 1173 720 1226 caelestem
739 1174 865 1239 patriam,
879 1174 972 1240 Sargia
985 1173 1084 1236 insula,
1099 1173 1176 1226 dives
1189 1186 1284 1239 opum,
1299 1174 1346 1227 ho-

141 1265 183 1317 stili
194 1269 300 1322 incursu
312 1281 481 1338 paganorum
502 1273 742 1325 vehementissime
755 1274 853 1325 vastari
874 1274 973 1338 coepit.
987 1275 1109 1338 Cumque
1131 1277 1214 1326 totam
1227 1272 1345 1326 insulam

143 1362 263 1422 barbarico
276 1371 329 1422 ritu
341 1370 538 1436 devastassent,
552 1371 718 1437 quibusdam
731 1374 825 1439 captis,
837 1371 1001 1438 quibusdam
1012 1372 1120 1438 occisis,
1132 1373 1235 1439 ingenti
1246 1372 1345 1439 praeda

130 1462 244 1531 ltollecta,
254 1469 450 1521 monasterium
466 1472 552 1523 sancti
573 1460 694 1538 llaglorii
710 1485 773 1524 cum
792 1484 889 1539 magno
909 1472 1012 1537 impetu
1030 1472 1178 1524 Normanni
1198 1472 1346 1537 petierunt.

146 1560 320 1621 Sedcumloca
333 1568 440 1621 diversa
462 1570 632 1634 monasterii,
651 1583 744 1623 amore
767 1571 899 1636 pecuniae
920 1569 1003 1634 ducti,
1025 1571 1114 1637 sagaci
1136 1569 1347 1638 investigatione

147 1662 340 1733 perlustrassent,
355 1675 466 1721 ventum
487 1675 528 1721 est
548 1669 582 1722 ad
605 1670 696 1722 locum
708 1671 754 1722 uhi
773 1671 957 1722 sacratissima
972 1671 1058 1722 sancti
1072 1668 1193 1736 llaglorli
1208 1682 1270 1723 ossa
1283 1682 1346 1722 cum

148 1764 240 1819 maximo
251 1768 355 1821 honore
375 1775 454 1821 erant
474 1770 617 1822 tumulata.
640 1772 697 1833 Quo
718 1771 785 1835 viso,
811 1771 939 1823 monachi
958 1771 1044 1823 sancti
1056 1771 1192 1836 corporis
1208 1770 1346 1837 custodes,

149 1858 222 1916 timore
238 1867 383 1932 perterriti,
405 1866 605 1936 sarcophagum
626 1870 712 1921 sancti
733 1870 854 1937 Maglorii
876 1862 976 1922 strictis
997 1869 1125 1922 manibus
1148 1870 1345 1936 amplexantes,

130 1953 198 2013 itote
207 1963 317 2032 lugubri,
331 1966 452 2019 lacrimis
463 1968 577 2033 chortis,
599 1973 724 2021 sanctum
738 1968 900 2035 hlaglorium
919 1970 1047 2022 invocare
1063 1974 1225 2034 coeperunt,
1244 1974 1275 2021 ut
1294 1968 1348 2035 pri·

150 2058 216 2114 stium
227 2067 326 2118 virtutis
339 2080 395 2121 non
408 2068 561 2133 immemor,
582 2081 692 2136 gregem
714 2082 794 2121 suum
816 2081 872 2122 non
892 2068 1056 2132 de[se]rens,
1070 2082 1085 2121 a
1097 2068 1222 2121 faucibus
1241 2067 1345 2121 inimici

149 2153 258 2217 lihemret.
271 2167 328 2230 Quo
341 2166 410 2232 viso,
422 2167 543 2230 barbari,
558 2167 680 2235 ignotum
694 2167 802 2233 pondus
811 2168 870 2220 auri
882 2172 907 2220 et
917 2168 1020 2234 argenti
1034 2169 1232 2235 sarcophagum
1243 2167 1345 2220 hahere
1378 2228 1381 2233 ¹

150 2260 272 2332 ementes,
286 2266 381 2319 eiectis
393 2271 498 2332 septem
510 2267 577 2318 viris
589 2268 687 2319 ceteris
700 2267 869 2334 fortioribus,
888 2268 1087 2336 sarcophagum
1100 2269 1238 2332 aperiunt,
1252 2272 1346 2320 sancta

153 2360 246 2415 nemra
256 2364 345 2430 palliis
356 2365 479 2418 involuta
492 2366 602 2431 pollutis
615 2366 741 2418 manilius
750 2373 860 2432 tangere
873 2366 1086 2432 praesumpturi.
1097 2365 1149 2418 Sed
1158 2366 1244 2418 virtus
1253 2365 1346 2418 divina

130 2448 219 2517 ipahp
228 2465 318 2519 adluit.
334 2469 400 2519 Nam
413 2468 499 2520 sancti
511 2468 633 2532 corporis
644 2467 821 2520 violatoribus
833 2468 959 2534 primitus
968 2467 1079 2533 orbatis,
1090 2466 1156 2519 dein
1168 2468 1275 2530 ceteris,
1286 2467 1344 2534 qui,

152 2555 257 2629 ittertur,
269 2568 347 2617 erant
359 2565 502 2632 nongenti,
516 2565 593 2618 rahie
608 2566 728 2631 accensi,
741 2565 843 2616 mutuis
854 2566 1015 2618 vulneribus
1028 2578 1077 2631 per
1087 2566 1215 2617 virtutem
1224 2565 1344 2632 llagtorii

152 2648 239 2745 illicem
250 2677 277 2716 se
289 2664 479 2718 conciderunt.

152 2850 259 2923 botho
282 2864 481 2926 contumaci
506 2867 695 2939 cujusdam
719 2865 883 2940 hominis,
908 2865 971 2936 qui
997 2865 1115 2938 patris
1131 2863 1345 2925 immolatio-

464 2979 545 3024 nem
558 2965 776 3026 monustorio
790 2964 985 3025 subtraxit.

130 3140 141 3192 Β
174 3148 253 3208 lolem
262 3159 317 3211 lere
330 3164 465 3224 tempore,
477 3165 537 3224 post
550 3159 654 3210 obitum
676 3159 762 3210 sancti
786 3158 917 3225 llaglorii,
931 3157 1042 3223 quidam
1056 3160 1137 3211 homo
1150 3159 1216 3210 satis
1231 3158 1344 3224 opulen-

152 3246 334 3324 dspissargiam
347 3257 477 3323 insulam,
491 3257 601 3324 sergiae
624 3258 751 3319 vicinam,
775 3256 941 3309 hereditario
960 3259 1023 3321 jure
1044 3257 1165 3310 tenebat.
1187 3258 1236 3318 Qui
1250 3257 1341 3310 subito

148 3341 250 3416 linguore
261 3363 411 3422 correptus
426 3358 496 3409 sicut
508 3358 584 3409 omni
597 3357 700 3408 homini
714 3357 863 3408 ohnoxium
877 3362 918 3408 est
932 3359 985 3408 ileo
1007 3357 1120 3421 jubente
1134 3356 1257 3408 debitum
1272 3370 1343 3410 mor·

147 3446 311 3517 tisersolvere,
333 3459 367 3510 ad
388 3464 543 3510 extremum
565 3458 662 3508 ductus
686 3457 767 3507 vitam
790 3456 932 3508 extralevit.
956 3455 1090 3527 Sericum
1114 3462 1186 3509 esset
1207 3456 1296 3509 adhuc
1314 3456 1343 3509 in

144 3554 240 3608 extremo
252 3559 400 3610 certamine
415 3559 529 3623 positus,
551 3556 707 3609 valedicens
728 3556 857 3608 iratribus
878 3561 904 3608 et
925 3556 1029 3618 amicis,
1048 3569 1128 3608 suurn
1149 3557 1343 3622 corpusculum

141 3657 284 3709 monasterio
296 3658 383 3709 sancti
398 3656 517 3724 llaglorii
531 3655 661 3707 humandi
676 3668 756 3707 causa
778 3655 879 3707 deterri
902 3656 1047 3720 praecepit.
1070 3655 1145 3718 Quod
1160 3657 1195 3708 ita
1207 3662 1234 3708 et
1244 3656 1344 3709 tactum

138 3755 246 3807 estham
259 3757 305 3809 illo
317 3767 379 3808 mox
392 3756 546 3819 exhalante,
559 3755 675 3808 cadaver
693 3755 776 3816 illius,
791 3768 867 3807 more
885 3755 964 3806 solito
977 3753 1074 3817 lotum,
1088 3755 1189 3808 feretro
1202 3757 1344 3821 imponen-

134 3858 178 3918 tes,
190 3856 261 3907 triste
274 3856 457 3908 ministerium
469 3856 556 3908 sancti
567 3856 687 3921 llaglorii
700 3858 708 3874 ⁴
722 3854 875 3907 honorifice
896 3854 1062 3906 detulerunt.
1081 3856 1204 3920 cumque
1219 3855 1343 3923 diligenti
1404 3856 1412 3873 ⁶
1449 3854 1455 3866 '

130 3968 187 4009 cura
204 3968 220 4007 a
239 3956 381 4008 monachis
406 3955 501 4008 luisset
522 3962 680 4021 susceptum
701 3961 728 4007 et
746 3956 903 4020 sepulturae
925 3954 1065 4016 traditum,
1087 3969 1188 4021 equum
1198 3956 1271 4008 illius
1282 3957 1345 4021 plta-

130 4058 236 4110 letatum
248 4069 309 4109 curn
324 4055 415 4109 balteo
428 4068 513 4108 aureo
526 4061 553 4108 et
566 4056 730 4121 spenorihus
753 4055 844 4108 aureis
865 4062 891 4106 et
912 4056 986 4107 omni
1000 4060 1100 4108 ornatu
1112 4055 1194 4121 gladii
1208 4069 1258 4121 pro
1271 4056 1346 4108 illius

130 4156 302 4221 resolutione,
315 4156 396 4208 sicuti
410 4155 457 4207 ille
469 4154 535 4207 dum
548 4155 685 4207 adviveret
696 4161 881 4220 praeceperat,
901 4161 994 4207 sancto
1008 4154 1135 4222 llaglorio
1147 4162 1173 4207 et
1186 4155 1242 4207 suis
1254 4168 1347 4208 mona·

134 4258 177 4310 his
190 4256 359 4310 obtulerunt.
382 4255 500 4322 Contigit
518 4261 607 4306 autem
629 4255 718 4307 divina
740 4254 918 4320 dispositione
938 4255 1050 4319 praelati
1073 4254 1122 4306 viri
1143 4254 1238 4317 tilium,
1252 4261 1347 4306 contu·

130 4371 222 4412 nartem
236 4364 263 4409 et
277 4359 332 4410 heo
344 4357 487 4415 odibilem,
501 4361 660 4422 aegrotante
674 4362 749 4420 patre
763 4354 941 4421 longinquam
952 4355 1093 4421 regionem
1106 4354 1182 4406 adire
1195 4360 1222 4406 ct
1234 4354 1348 4406 funereo

131 4459 201 4513 atris
214 4456 351 4520 obsequio
364 4455 492 4507 obstante
501 4460 636 4506 terrarum
650 4453 855 4518 intercapedine
869 4451 1003 4506 defuisse.
1018 4454 1066 4513 Qui
1081 4457 1225 4505 revertens
1236 4450 1348 4504 domum

130 4569 139 4611 t
152 4557 244 4625 patris
257 4555 401 4608 interitum
426 4566 588 4621 agnoscens,
609 4554 749 4607 locuturus
771 4568 832 4606 cum
855 4554 997 4615 monachis
1009 4554 1099 4605 verbis
1115 4551 1238 4618 pacificis
1251 4553 1279 4603 in
1292 4551 1355 4605 dolo
