3082 5498
253 111 298 176 42
590 127 715 179 aaran.
735 127 837 179 cono.
856 128 1031 180 asmoon.
1054 128 1133 180 aar.

250 297 415 363 Proepora
434 297 535 350 locam
556 308 668 362 moqoo
691 297 829 362 martyri
844 295 983 351 roboant
999 297 1034 350 in
1059 310 1118 365 quo
1138 297 1279 365 quiescat
1300 297 1475 365 nobiscnm

249 393 349 448 veniet
360 394 454 447 enim.

276 493 331 546 39.
344 496 497 560 Exsurgens
508 500 598 547 autem
612 495 799 546 sanctissimus
809 496 948 548 lohannes
960 509 1067 559 sonmo,
1080 496 1248 548 certissimus
1260 508 1293 549 ac
1306 494 1471 549 laetissimus

246 593 280 646 de
293 592 393 645 divinis
404 593 554 658 promissis,
569 594 673 660 rogavit
682 593 810 646 ductores
822 606 886 646 suos
900 607 956 646 non
969 595 1073 648 moveri
1085 594 1120 648 de
1132 595 1195 647 loco
1208 595 1276 660 ipso.
1290 595 1342 647 cui
1353 607 1428 647 unus
1445 607 1472 647 er

247 693 313 759 ipsis
324 693 459 745 assentire
472 693 567 755 voluit,
580 694 649 746 alius
662 695 757 747 noluit.
770 695 902 747 Euntibus
912 701 1003 747 autem
1021 695 1088 761 ipsis
1099 701 1126 749 et
1143 709 1204 748 cum
1224 696 1300 748 omni
1318 694 1497 748 crudelitates

247 793 320 845 hunc
335 793 506 845 trahentibus
518 804 595 845 more
607 796 692 846 Deum
705 799 875 857 exorantem,
889 795 979 859 erupit
996 798 1108 860 repente
1126 795 1215 860 pluvia
1237 798 1264 847 et
1278 792 1387 863 grando
1399 793 1476 847 multa

247 891 282 945 de
294 892 370 945 caelo
381 905 464 958 super
477 897 588 945 terram.
596 895 629 945 ht
637 893 687 959 illi,
698 906 754 946 non
767 893 889 949 valentes
901 910 1016 963 pergere
1028 908 1079 949 nec
1091 897 1227 950 divertere
1235 908 1378 963 quoquam
1391 907 1476 962 neque

247 992 277 1043 in
289 992 331 1044 via
344 991 502 1059 subsistere,
516 993 677 1045 necessitate
698 994 803 1046 subacti
825 996 927 1048 reversi
939 1000 1003 1048 sunt
1021 995 1055 1048 ad
1071 995 1162 1048 locum
1175 995 1362 1062 praefatorum
1376 1000 1477 1048 sanctu

247 1103 308 1142 rum
323 1095 480 1156 martyrum.
496 1091 544 1144 Ubi
566 1089 729 1155 despoliavit
751 1105 779 1145 se
801 1098 913 1145 sanctus
933 1094 1061 1146 omnibus
1081 1094 1253 1146 vestimentis
1272 1094 1341 1156 suis,
1354 1093 1404 1158 qui
1420 1104 1478 1145 sea
1514 1124 1533 1133 -

247 1188 355 1254 propria
365 1189 510 1255 juventute
522 1190 673 1243 nudaverat
694 1192 811 1244 terrenis
831 1192 914 1244 rebus
934 1194 1089 1258 universis3
1103 1193 1188 1259 etqui
1209 1197 1269 1245 erat
1280 1190 1478 1245 mundissimus
1495 1192 1533 1243 ll!

247 1288 371 1341 omnium
384 1302 475 1340 rorum
489 1289 647 1353 visibilium,
659 1291 773 1343 vestitus
794 1292 914 1343 vestibus
932 1293 1181 1358 calceamentisque
1202 1292 1338 1345 calceatus
1359 1289 1478 1357 mundis,

248 1388 360 1455 signans
371 1401 400 1441 se
412 1393 494 1455 atque
513 1402 595 1442 orans
616 1391 710 1456 Deum,
724 1391 767 1442 cui
787 1389 950 1443 sacrificium
964 1395 1023 1442 erat
1040 1391 1107 1456 ipse,
1117 1390 1197 1457 juxta
1218 1389 1399 1456 psalmistam,
1409 1394 1480 1442 totus

248 1488 459 1540 communicavit
471 1500 502 1542 se
516 1488 650 1543 sacrificio
663 1490 732 1542 sacri
744 1491 867 1555 corporis
878 1502 909 1542 ac
923 1490 1064 1557 sanguinis
1083 1490 1129 1542 bei
1147 1502 1179 1543 ac
1191 1489 1299 1542 bomini
1313 1488 1402 1541 nostri
1418 1490 1482 1541 lesu

248 1585 357 1646 Christi,
371 1586 536 1654 solitumque
555 1588 607 1640 sibi
620 1588 733 1641 verbum
746 1587 906 1655 dignissime
928 1588 1060 1641 memoria
1081 1588 1194 1652 habens,
1214 1587 1303 1639 dixit:
1319 1583 1432 1640 Gloria
1449 1586 1483 1638 ist

251 1684 392 1738 omnibus
411 1687 480 1740 Dec.
503 1690 644 1754 Responso
667 1693 758 1740 autem
778 1688 883 1754 Amen,
905 1687 1002 1740 dolens
1022 1689 1111 1753 capite
1130 1687 1273 1741 collocavit
1293 1699 1333 1751 se,
1356 1685 1483 1751 spiritum
1499 1687 1533 1739 L

250 1785 448 1838 commendans
472 1788 501 1839 in
523 1800 620 1841 manus
640 1789 796 1842 coronaturi
818 1789 873 1852 bei,
894 1788 1093 1841 sanctissimam
1117 1786 1236 1839 animam
1260 1798 1338 1838 suam
1362 1782 1483 1838 reddidit

250 1884 340 1937 eidem
357 1887 482 1952 creatori,
503 1887 613 1942 rectori.
634 1887 716 1939 tutori
737 1899 768 1938 ac
791 1861 941 1952 possessori
965 1886 1108 1951 omnium;
1129 1896 1208 1951 quae,
1232 1883 1387 1937 serentibus
1407 1881 1483 1935 illam

252 1983 352 2036 divinis
373 1986 486 2050 nuntiis,
505 1985 652 2038 laetissima
671 1987 804 2039 festinans
824 1985 976 2051 penetravit
996 1985 1095 2049 caelos,
1108 1998 1142 2037 ex
1159 1990 1225 2035 tunc
1245 1983 1349 2048 optime
1368 1982 1483 2048 victura,

253 2085 394 2150 epulatura
407 2090 609 2153 regnatumque
622 2091 828 2151 perpetuorum
841 2085 957 2137 Christo.
968 2083 1020 2136 Sed
1033 2088 1061 2136 et
1072 2094 1135 2134 caro
1148 2095 1210 2134 oum
1222 2093 1276 2146 qua
1288 2084 1386 2132 contra
1393 2079 1486 2133 hostes

253 2184 400 2237 decertavit
411 2198 442 2237 ac
454 2185 554 2238 devicit
566 2187 625 2250 ejus
637 2185 730 2238 divino
742 2185 893 2252 juvamine,
907 2189 977 2250 post,
991 2185 1045 2235 lieo
1060 2183 1176 2249 jubente
1192 2192 1224 2232 ac
1240 2184 1408 2245 praestante,
1420 2178 1485 2232 vivi·

253 2280 388 2346 ficabitur,
402 2283 430 2335 in
451 2282 496 2335 die
515 2283 618 2335 scilicet
637 2297 692 2348 quo
704 2287 833 2334 statutum
851 2286 891 2333 est
911 2282 945 2333 ab
967 2293 999 2333 eo
1018 2285 1141 2340 cunctos,
1155 2278 1349 2330 reviviscentes
1370 2280 1439 2329 tunc
1456 2277 1483 2328 in

251 2393 334 2433 earne
354 2395 402 2433 sua
423 2382 517 2447 priori,
528 2384 626 2448 justos,
648 2383 718 2447 pios,
732 2383 857 2448 injustos,
880 2380 1026 2446 pessimos,
1048 2381 1076 2430 in
1097 2378 1224 2431 examine
1245 2375 1365 2440 judicari
1378 2357 1484 2428 'unum-

250 2494 388 2548 quemque
399 2482 550 2534 secundum
563 2483 689 2534 meritum
703 2495 798 2546 suum;
812 2486 840 2533 et
850 2481 998 2532 convivens
1010 2492 1042 2531 ex
1054 2468 1121 2530 tdnc
1133 2464 1397 2530 sanctuslobannes
1409 2475 1514 2528 carnk

249 2594 325 2647 suae,
338 2582 519 2650 congaudebit
531 2588 559 2635 et
575 2582 785 2649 congregabitur
800 2581 834 2645 ei,
847 2586 874 2633 et
890 2580 1009 2632 universi
1031 2578 1117 2631 sancti
1138 2577 1255 2644 propriis
1273 2576 1408 2628 carnibus
1427 2577 1526 2630 sine

254 2678 318 2733 tine.

283 2779 339 2831 40.
352 2781 436 2843 Quem
458 2780 661 2832 sanctissimum
682 2781 836 2832 iohannem
855 2778 1028 2832 beatissimus
1049 2776 1236 2841 lnnocentius‚
1249 2786 1320 2841 papa
1332 2776 1507 2839 Romanus,

252 2878 368 2931 audiens
380 2883 454 2932 tanta
472 2893 503 2932 ac
515 2880 578 2932 talia
591 2879 661 2932 mala
674 2879 818 2944 pertulisse
830 2878 865 2931 ab
878 2878 996 2930 inimicis
1017 2877 1083 2943 suis,
1101 2876 1180 2928 valde
1201 2874 1377 2927 contristatus
1399 2879 1450 2937 est,
1463 2880 1508 2926 et

251 2986 383 3046 quantum
398 2980 474 3033 licuit
486 2981 510 3033 ei
523 2980 663 3033 canonicis
677 2980 776 3032 ictibus
789 2955 955 3031 incuriosum
970 2979 1161 3043 imperatorem
1182 2988 1246 3027 cum
1266 2974 1388 3040 pessima
1402 2974 1490 3038 impe·

249 3080 348 3132 natrice
360 3084 387 3131 et
399 3086 512 3132 cunctos
524 3080 682 3145 superstites
693 3079 865 3131 adversarios
876 3078 1000 3144 ejusdem
1013 3077 1085 3129 beati
1098 3075 1234 3128 lobannis
1245 3072 1396 3126 durissime
1409 3072 1482 3125 leriit

251 3179 534 3232 excommunicatione
554 3179 697 3240 acerrima,
711 3179 778 3244 quin
796 3179 878 3230 etiam
901 3176 1049 3243 apostolica
1069 3174 1229 3226 auctoritate
1248 3171 1321 3224 beati
1344 3171 1418 3223 Petri
1438 3166 1533 3236 per=

252 3278 389 3344 propriam
398 3277 499 3343 jubens
514 3277 656 3342 epistolam
666 3277 802 3343 segregari
815 3289 862 3329 eos
875 3276 1005 3329 acunctis
1022 3272 1188 3327 caelestibus
1202 3270 1397 3335 sacramentis;
1407 3281 1478 3336 quos·

251 3376 314 3430 dam
328 3382 419 3429 umen
432 3375 467 3428 da
480 3377 554 3442 ipsis,
568 3390 602 3428 ex
620 3378 671 3428 hoc
692 3377 899 3435 satisfacientes,
914 3381 973 3440 post
985 3372 1180 3426 reconciliavit.
1193 3373 1224 3422 et
1239 3376 1269 3421 ut
1280 3368 1478 3422 describeretur

252 3489 284 3529 ac
296 3476 457 3529 recitaretur
475 3475 503 3526 in
524 3475 695 3527 orationibus
716 3488 818 3527 nomen
837 3475 923 3540 ipsius
944 3486 1006 3524 curn
1022 3470 1180 3525 nominibus
1199 3468 1392 3533 episcoporum
1413 3466 1479 3519 sedis

251 3587 317 3628 suae
331 3574 477 3636 mandavit,
495 3578 576 3641 atque
589 3573 622 3626 ad
641 3573 758 3626 eandem
770 3573 864 3625 sedem
877 3572 1062 3626 reverendum
1076 3581 1177 3634 corpeus
1198 3580 1260 3619 cum
1274 3566 1374 3617 timore
1387 3577 1481 3632 magno

253 3679 280 3727 et
293 3675 397 3727 honore
410 3672 496 3726 multo
510 3673 630 3725 revocari
643 3670 851 3738 p1·aecepit.Sed
864 3676 891 3724 et
905 3672 972 3723 ultio
984 3670 1075 3723 divina
1088 3667 1222 3734 percussit
1234 3665 1380 3718 universos
1395 3664 1484 3720 hostes
1496 3663 1533 3723 l!

252 3773 327 3827 illius
341 3778 371 3826 ut
382 3772 511 3839 expedire
523 3773 599 3825 novit
610 3771 741 3824 divinitus
763 3770 876 3838 singulis
894 3771 956 3821 illis.
971 3772 991 3821 Ε
1010 3769 1111 3834 quibus
1128 3767 1236 3820 duobus
1248 3771 1354 3817 tantum
1366 3765 1487 3829 quaesit

253 3873 282 3925 in
295 3878 443 3938 conspectu
458 3872 599 3924 hominum
612 3883 627 3922 a
640 3873 694 3924 lieo
707 3871 780 3922 illata
792 3869 912 3921 vindicta
924 3881 968 3921 me
981 3869 1082 3920 referre
1094 3864 1217 3919 sufficiat.

286 3974 336 4024 41.
350 3974 442 4037 Syrus,
454 3969 686 4023 Chalcedonensis
697 3970 853 4036 episcopus,
864 3971 1045 4021 consueverat
1056 3965 1196 4018 incuriose
1209 3963 1329 4017 vocitare
1340 3961 1403 4014 sine
1414 3965 1490 4029 geni·

251 4072 321 4124 culis
333 4072 421 4124 virum
434 4071 479 4123 bei
492 4072 711 4137 chrysostomum
732 4070 894 4123 iohannem.
908 4072 992 4131 Quem
1014 4066 1201 4119 sanctissimus
1219 4062 1350 4127 llarutba,
1365 4063 1490 4129 Mesopo

251 4170 353 4223 lamiae
364 4171 456 4235 Syriae
469 4169 602 4235 pontifex,
616 4182 678 4221 eum
700 4181 806 4220 summa
825 4168 976 4220 humilitate
989 4171 1016 4218 et
1027 4164 1147 4218 caritatis
1164 4161 1312 4215 dulcedine
1324 4160 1492 4217 hortabatur
1508 4167 1533 4219 tl

253 4283 285 4323 ac
297 4270 425 4324 monebat
437 4282 471 4322 ne
483 4269 613 4335 injuriam
625 4272 733 4333 gereret
745 4267 916 4320 sanctissimo
928 4267 1004 4330 viro;
1019 4269 1046 4317 at
1059 4266 1116 4329 ipse
1129 4262 1197 4314 nihil
1212 4274 1262 4326 per
1274 4260 1341 4311 haec
1361 4259 1493 4325 prolicie-

252 4370 338 4425 batia
351 4370 465 4431 bonum,
478 4369 526 4421 sed
539 4368 660 4421 deterior
672 4366 763 4420 tiebat.
776 4367 825 4435 Qui
838 4366 983 4420 occasione
996 4364 1114 4417 calcatus
1126 4369 1167 4416 est
1181 4374 1196 4413 a
1215 4358 1357 4429 praedicto
1372 4364 1494 4417 sanctis·
