3082 5498
488 321 615 372 CATAL.
634 320 736 371 donn.
755 320 930 371 Hadiodit.
949 320 1029 371 Lb'l'.

301 490 501 568 miraculis
519 489 640 568 sancti
672 488 881 567 Clementis
912 488 1093 607 martyris
1122 494 1240 590 atque
1257 488 1391 592 ponti-

300 615 384 693 ficis
402 614 513 692 urbis
531 614 677 691 Romae
693 613 771 712 tiol.
793 611 1035 714 333v.335r)‚*

184 739 297 795 Scilicet
309 739 411 806 duplex
423 724 586 792 miraculum
596 738 671 806 quod
683 738 861 805 subjunctum
868 743 909 791 est
920 739 1044 793 Passioni
1057 738 1086 794 S.
1099 737 1258 792 Clementis.

249 829 314 908 93⁰
345 829 478 908 Passio
502 828 707 907 beatorum
743 827 984 930 Chrysogoni
1019 839 1057 908 et
1090 827 1314 908 Anastasiae
1346 839 1388 909 et

296 953 466 1033 aliorum
483 951 559 1053 (fol.
582 951 823 1050 335‘·336li.*

182 1079 274 1132 liutiia
286 1078 387 1132 desinit
407 1079 436 1130 in
458 1077 549 1130 verbis
568 1075 698 1143 scripsit
717 1075 761 1129 ad
781 1078 926 1130 sanetum
945 1075 1152 1143 Grisoponum
1169 1076 1206 1129 in
1218 1075 1270 1131 his
1282 1076 1386 1133 verse

152 1177 337 1246 epistolem:
353 1174 529 1245 consessori
542 1176 659 1231 cbristo·
673 1174 844 1243 Grisoporto
855 1177 1036 1232 Anastasio.
1239 1248 1243 1255 Ι

249 1268 314 1346 940
331 1269 449 1346 tetus
461 1277 500 1346 et
512 1267 591 1346 vita
605 1265 742 1345 beatae
755 1265 936 1357 Helenae,
954 1245 1196 1345 Constantini
1215 1267 1389 1371 impera·

297 1392 392 1470 toris
403 1390 551 1488 matris,
562 1398 622 1468 xv⁰
631 1389 817 1469 kalendas
825 1389 1060 1491 septembris
1068 1377 1383 1495 (forsas-min.

184 1523 341 1579 inordinata
359 1538 451 1578 rerum
474 1523 578 1591 aliquot
597 1523 739 1591 congeries
760 1535 831 1590 quae
850 1522 1029 1590 aliquomodo
1041 1523 1076 1576 ad
1088 1524 1185 1577 beatae
1206 1525 1388 1592 imperatricis

153 1623 294 1678 historiam
314 1627 446 1689 spectant.
459 1622 604 1688 Sumptum
622 1625 664 1674 est
685 1621 816 1675 narrandi
830 1621 976 1675 exordium
987 1624 1023 1675 ab
1036 1621 1083 1675 illa
1104 1623 1284 1678 contentione
1303 1638 1386 1692 quarn

151 1737 213 1777 oum
223 1721 334 1776 ludaeis
345 1722 440 1775 habuit
448 1722 475 1775 S.
497 1719 625 1774 Silvester
635 1721 719 1786 (Vitae
737 1720 765 1773 S.
788 1720 909 1774 silvestri
921 1721 969 1775 lib.
982 1733 992 1774 1
1005 1720 1053 1775 tin.
1066 1726 1093 1775 et
1105 1721 1153 1775 lib.
1163 1734 1183 1776 u
1194 1723 1276 1788 init).
1289 1724 1384 1792 Sequi·

151 1827 197 1875 tur
217 1820 281 1874 inde
293 1821 384 1874 brevis
405 1820 501 1874 relatio
522 1819 689 1873 inventionis
709 1824 819 1873 sanotae
839 1820 945 1887 onicis3
967 1833 1039 1887 quae
1060 1821 1192 1887 inventio,
1206 1822 1278 1876 taeta
1289 1827 1382 1876 tamen

151 1921 228 1989 prius
241 1920 382 1974 mentione
394 1921 489 1975 mortis
501 1921 526 1973 S.
542 1921 669 1988 lielenae,
684 1932 767 1986 quam
780 1921 881 1973 Romae
896 1919 982 1974 obivit
994 1930 1042 1974 xv⁰
1054 1919 1187 1975 kalendas
1204 1921 1382 1990 septembris,

152 2032 217 2075 mox
229 2020 317 2074 rusius
329 2020 487 2087 exponitur.

485 2399 694 2513 Appendix
713 2401 764 2489 ed
784 2401 867 2492 eod.
893 2401 1042 2501 ilios.

221 2611 401 2681 Pnouoous
418 2633 461 2681 nr
477 2632 651 2682 axonnrou
670 2633 840 2682 rsssrorus
858 2614 916 2683 SS.
937 2616 1110 2696 simma,
1129 2616 1264 2685 Gumis
1281 2637 1326 2684 nr

491 2723 590 2788 Amor
605 2720 687 2814 (cn.
709 2742 820 2809 supra,
838 2743 871 2809 p.
891 2724 947 2803 56,
967 2721 1048 2804 74⁰).

153 2913 282 2987 Inotptt
305 2916 477 2989 protomus
499 2914 537 2975 in
554 2914 722 2988 passione
747 2917 954 2977 senatorum
968 2917 1175 2990 martyrum
1196 2918 1382 2992 monae,

616 3013 931 3075 summutantur.

184 3204 331 3265 carissimi,
345 3218 420 3258 nuno
431 3210 539 3272 tempus
551 3205 762 3272 opportunitatis
782 3212 823 3258 ost
844 3219 906 3259 oum
926 3204 1060 3272 spirituali
1080 3209 1141 3259 vate
1163 3205 1251 3259 bavid
1264 3206 1378 3262 disere:
1394 3214 1409 3268 tt

151 3304 251 3357 saeta
263 3307 308 3357 est
320 3305 470 3359 Dominam
483 3304 532 3359 his
544 3304 598 3373 qui
609 3305 760 3358 tribulato
772 3307 848 3358 sunt
857 3304 950 3360 corde
960 3307 990 3360 et
999 3303 1132 3359 humiles
1144 3304 1263 3373 spiritu
1281 3307 1384 3363 salva·

151 3403 213 3470 bit‚·
226 3410 253 3457 et
263 3405 361 3457 iterum
376 3421 383 3457 :
399 3406 499 3473 Prope
509 3407 556 3458 est
567 3406 718 3459 Dominus
729 3405 870 3460 omnibus
881 3405 1096 3461 invocantibus
1105 3419 1177 3460 eum
1187 3406 1223 3459 in
1234 3407 1386 3483 veritate,-

151 3503 343 3558 ootuotatem
360 3503 536 3557 timentium
547 3517 581 3557 se
591 3502 689 3572 faciet
701 3507 731 3558 et
752 3505 910 3560 orationes
930 3517 1040 3560 eornm
1059 3505 1211 3559 enaudiet
1229 3507 1260 3559 et
1281 3506 1388 3562 salvor

151 3600 248 3670 saciet
267 3616 326 3657 eos.
346 3604 462 3658 liaxime
482 3603 671 3657 venerandum
692 3604 855 3659 miraoulurn
875 3606 1028 3671 perlectum
1047 3610 1088 3658 est
1109 3605 1137 3657 in
1164 3604 1266 3658 lidessa
1277 3606 1390 3663 eivitme

153 3706 217 3756 ante
229 3703 313 3756 breve
325 3711 443 3770 tempus,
457 3705 530 3771 quod
542 3705 706 3771 exponimus
718 3705 806 3772 vobis,
823 3705 923 3758 iratres
940 3705 1044 3773 fideles,
1059 3704 1092 3758 ad
1108 3705 1310 3758 nutrimentum
1327 3719 1390 3761 san·
1407 3712 1425 3762 it

152 3807 210 3856 otae
219 3803 365 3856 Ecclesiae.
375 3804 520 3871 Presbyter
528 3804 639 3871 quidam
650 3804 710 3870 tuit,
723 3804 856 3857 mirabilis
866 3805 895 3857 in
906 3804 1013 3858 astibus
1022 3805 1079 3858 suis
1088 3809 1116 3858 et
1125 3805 1217 3858 suavis
1224 3805 1252 3857 in
1262 3805 1391 3861 moribus

151 3906 178 3954 et
190 3903 265 3955 omni
277 3902 407 3956 bonitatis
420 3903 519 3957 decore
530 3909 657 3971 ornatus,
672 3904 706 3957 de
722 3904 796 3956 clero
809 3903 966 3970 praedictae
984 3904 1109 3971 civitatis,
1122 3904 1254 3958 insistens
1265 3907 1390 3962 oratorio

151 4007 307 4055 sanctorum
320 4007 469 4069 martyrum
482 4004 580 4057 Christi
593 4006 738 4070 Samonae,
751 4004 852 4057 Guriae
864 4009 947 4071 atque
959 4003 1049 4070 thibi,
1060 4004 1112 4058 sito
1125 4008 1189 4057 ante
1202 4016 1301 4058 muros
1312 4005 1392 4073 olus·

150 4100 215 4154 dem
226 4099 351 4170 civitatis,
365 4103 412 4169 qui
423 4115 439 4154 a
452 4104 505 4155 ileo
524 4103 711 4156 amantissimo
723 4108 750 4155 et
762 4102 933 4156 sanctissimo
944 4103 1072 4169 episeopo
1083 4101 1195 4169 Eulogio
1207 4103 1387 4171 praepositus

151 4206 208 4254 erat
220 4201 309 4254 eidem
322 4201 501 4255 celeberrimo
521 4207 549 4255 et
571 4202 742 4255 sanctissimo
766 4201 877 4267 templo.
898 4205 983 4266 Quam
1003 4202 1151 4267 expositam
1174 4200 1272 4254 didicit
1289 4214 1326 4255 ex
1339 4216 1390 4260 ore
1408 4204 1425 4258 it

151 4299 241 4353 tidelis
261 4301 384 4354 mulieris
401 4301 568 4368 narratione,
591 4301 701 4368 reliquit
721 4301 836 4368 posteris
855 4300 1073 4368 cognoscendam
1095 4300 1263 4355 hominibus.
1284 4302 1392 4356 Timuit

150 4401 224 4453 enim
239 4406 265 4455 et
277 4401 459 4467 periculosum
472 4402 523 4455 sibi
537 4401 595 4454 iteri
608 4402 720 4468 putavit,
734 4402 804 4454 hano
817 4400 971 4454 mirabilem
986 4401 1126 4454 historiam
1142 4400 1279 4455 sitaoeret
1291 4407 1390 4458 elnon

150 4501 320 4568 expositione
332 4501 506 4555 venientibus
517 4501 741 4569 generationibus
753 4501 918 4556 insinuaret.
932 4501 998 4554 Filia
1011 4502 1085 4554 enim
1099 4500 1185 4568 ipsius
1196 4499 1326 4556 mulieris
1337 4518 1393 4571 per

63 4655 67 4662 ,
151 4601 348 4669 protectionem
358 4601 489 4655 virtutum
501 4601 762 4671 gloriosissimamm
773 4601 950 4668 reliquiarum
965 4588 1150 4670 praelatorum
1165 4605 1320 4669 martyrum
1330 4606 1391 4669 bei,
