3076 5498
266 325 331 389 428
616 345 737 394 carun.
758 346 860 395 cono.
879 345 1054 394 mnemon.
1072 344 1155 394 nar.

266 512 448 566 creberrimas
469 515 583 580 injurias
596 517 659 568 buie
680 517 782 570 celebri
803 519 1000 572 monachorum
1021 516 1085 568 duci
1104 517 1161 582 jam
1184 514 1261 568 adeo
1288 515 1464 579 irrogaverat,
1477 515 1498 560 ut

266 611 397 676 quicquid
410 612 484 665 itlius
496 614 592 666 oculus
612 622 718 680 poterat
740 615 842 682 ridere,
857 616 923 669 acsi
937 618 1045 682 propria
1059 628 1113 667 non
1135 612 1268 666 differret
1284 612 1413 678 diripere
1424 627 1431 674 ;
1443 608 1498 661 etita

268 723 316 774 per
328 711 428 763 multos
440 711 499 765 dies
512 713 586 765 illius
604 715 827 768 accumulabatur
847 728 935 780 poena
950 722 976 767 et
998 715 1097 767 rabies.
1112 696 1312 777 Quamobrem
1336 711 1446 764 calicem
1458 710 1499 758 irae

269 810 385 874 bomini,
400 811 464 863 dum
478 818 635 878 perseverat
646 815 673 866 in
696 815 754 866 istis
769 815 888 876 incaute,
901 815 986 867 ebibit
998 819 1024 866 et
1038 814 1072 866 ad
1091 814 1181 865 faeces
1194 825 1294 878 usque
1314 811 1430 877 potavit.
1441 811 1500 860 Nan·

267 922 322 974 que
335 921 389 962 una
401 911 518 975 dierum,
533 911 617 964 fretus
638 914 745 965 auxiliis
758 926 881 975 suorum,
904 913 987 967 ueluti
1000 919 1095 966 contra
1116 911 1266 964 carnalem
1283 911 1432 962 inimicum
1444 907 1523 959 acini

268 1009 397 1077 dirigeret
409 1010 553 1078 bellorum,
568 1026 692 1078 rapacem
714 1013 800 1066 tendit
813 1027 924 1066 manum
937 1014 970 1066 ad
993 1013 1121 1078 praedam
1134 1016 1163 1062 et
1185 1010 1420 1077 suppellectilem
1435 1006 1501 1073 patris

268 1110 405 1163 Benedicti
417 1110 581 1164 famulorum
593 1130 600 1176 ;
614 1112 708 1178 sicque
729 1113 762 1165 acl
776 1113 914 1180 propriam
928 1112 1082 1181 regreditur
1094 1111 1223 1164 domum.
1241 1111 1356 1164 Paratis
1377 1108 1469 1175 epulis.
1480 1111 1502 1155 ut

267 1211 304 1262 ita
317 1211 441 1277 dixerim,
455 1225 486 1263 ex
500 1225 650 1278 pauperum
663 1213 791 1277 lacrimis,
806 1214 918 1266 extanti
932 1213 1064 1278 injustitia
1074 1211 1197 1276 tyranni,
1209 1211 1272 1276 ipse
1288 1223 1358 1262 cum
1371 1209 1426 1260 suis
1438 1217 1501 1274 pran-

269 1324 349 1363 surus
360 1310 475 1363 adsedit.
489 1313 568 1378 atqui
581 1314 697 1378 primam
719 1314 783 1365 dum
797 1315 837 1367 ori
859 1314 986 1367 admorct
999 1312 1160 1378 buccellam,
1174 1312 1216 1363 ita
1238 1311 1410 1376 oppilantur
1426 1308 1502 1359 fauces

267 1411 424 1470 adversarii,
438 1416 468 1463 ut
478 1411 560 1478 digna
573 1412 690 1464 vindicta
713 1414 771 1482 bei,
785 1427 868 1479 quam
882 1418 1023 1478 spreverat
1044 1410 1225 1473 omnimodis
1241 1409 1404 1469 infelicem.
1418 1408 1501 1459 uterat

268 1509 389 1575 meritus,
404 1509 542 1562 exhalaret
563 1511 681 1563 animam
696 1526 703 1563 :
719 1511 818 1578 dignus
839 1514 888 1564 bac
902 1524 1002 1577 poena,
1016 1515 1046 1562 ut
1058 1510 1104 1576 qui
1126 1514 1222 1561 mente
1237 1509 1369 1574 superba
1383 1519 1412 1558 se
1422 1508 1502 1557 conua

268 1609 365 1660 Christi
377 1609 495 1661 amicum
512 1616 645 1676 erexerat,
665 1617 718 1663 tam
740 1610 900 1676 despicabili
923 1615 1144 1677 prosterneretur
1165 1610 1315 1660 machera.
1331 1607 1387 1660 Sed
1405 1608 1456 1672 jam
1474 1602 1502 1652 ab

268 1707 427 1773 Aquitaniae
439 1709 563 1773 partibus
575 1708 607 1761 ad
617 1709 689 1761 bunc
703 1709 786 1762 totius
799 1713 908 1762 nostrae
921 1710 991 1761 vitae
1001 1707 1139 1775 singulare
1151 1706 1240 1759 decus
1252 1706 1312 1758 stili
1328 1706 1502 1773 regrediamur

268 1803 361 1857 ductu.

301 1907 343 1969 (ttt
354 1906 443 1957 statim
457 1907 590 1973 sequitur,
604 1907 680 1960 nullo
694 1920 765 1960 uoto
779 1908 857 1960 titulo
873 1906 891 1972 ε)
1510 1894 1536 1955 ¹3.

302 2003 384 2070 itegni
407 2003 489 2056 italici
512 2019 649 2058 summum
670 2018 701 2059 ac
722 2005 894 2070 praeclarum
916 2004 1032 2057 decus...
1055 2002 1259 2068 (iliraeulorum
1283 2002 1397 2054 seilicet
1417 1998 1499 2051 relatio

268 2102 395 2154 attributa
408 2102 577 2169 ldrcvald03
591 2104 639 2156 cir.
654 2117 746 2170 supra,
760 2118 785 2169 p.
800 2105 858 2168 tat,
871 2105 916 2167 δ’),

695 2289 989 2301 ——--—-

693 2308 984 2332 ss

316 2677 320 2685 Ι
429 2564 658 2653 ΒΟΟΧΙΝΙ.
683 2564 809 2653 (lodex
829 2565 1018 2674 signatus
1040 2587 1154 2651 num.
1180 2561 1346 2653 17649.

301 2776 369 2828 Olim
380 2776 581 2831 Neine-Dante
589 2782 630 2831 89.

303 2875 439 2928 Foliorum
452 2880 493 2940 dt,
507 2877 581 2930 meti.
594 2877 813 2943 (0m‚32>(0,185),
829 2877 908 2928 lineis
922 2876 1019 2941 plenis,
1033 2880 1161 2927 exaratus
1173 2887 1249 2926 saec.
1264 2876 1312 2928 xl.

371 2976 408 3049 l⁰
433 2975 608 3053 Narratio
626 2976 776 3054 Leontii
796 2975 1010 3076 Neapoleos
1029 2972 1269 3075 Cypriorum
1288 2975 1442 3053 insulae
1457 2971 1498 3048 dc

417 3101 494 3179 vita
509 3110 546 3179 et
560 3103 712 3181 actione
726 3102 848 3180 sancti
863 3101 1021 3178 ioannis
1036 3098 1335 3201 archiepiscopi
1351 3102 1498 3179 Alexan-

418 3225 526 3303 driae
543 3226 619 3326 (fol.
642 3225 804 3322 39f-54V).

304 3357 351 3410 Ed.
367 3360 394 3409 P.
410 3360 448 3422 i„
463 3364 527 3410 tom.
549 3361 659 3426 lxiiii,
674 3374 699 3424 p.
714 3361 817 3412 aar-at.
832 3360 861 3410 tn
883 3357 937 3410 tine
954 3356 1018 3409 add.
1032 3357 1098 3409 baec
1119 3360 1184 3407 nota
1198 3370 1205 3406 ι
1221 3355 1420 3424 Eoeplieiunt
1437 3356 1497 3409 ecla

136 3453 213 3506 'sie
272 3458 377 3511 sancti
399 3458 552 3511 lobannis
580 3458 791 3520 Heteimontm
816 3470 895 3524 qnae
922 3456 1045 3524 quidem
1068 3455 1305 3522 praetermissa
1335 3455 1498 3524 tiaerentn

269 3556 412 3609 Jettanne
423 3560 515 3623 elprae
526 3555 694 3622 Sophronia
715 3556 792 3609 airis
815 3556 1004 3618 illustribus,
1018 3555 1151 3621 pnt'ey'ns
1169 3552 1275 3607 ‘uitam
1292 3556 1498 3623 scripserant

268 3655 323 3708 sed
330 3657 528 3722 postmodum
540 3655 686 3709 Leontina
697 3656 860 3722 episcopua
869 3656 1039 3721 Neapoteoe
1052 3654 1239 3720 Cypriorum
1254 3655 1389 3708 insulae
1399 3669 1435 3708 eu
1447 3656 1498 3705 stu·

270 3755 354 3807 diosc
373 3756 538 3821 supplevit.
555 3756 648 3820 Cny'ns
669 3755 868 3807 narrationis
880 3753 1099 3808 sanctissimus
1116 3765 1156 3806 nc
1174 3755 1222 3805 ier
1242 3753 1360 3808 beatus
1381 3756 1500 3808 domurn

270 3851 442 3906 Nicbolene
449 3867 538 3919 papa
551 3853 593 3906 ad
605 3854 779 3906 multorum
789 3852 1043 3920 aedificationem
1055 3851 1224 3905 Anastasio
1231 3856 1403 3919 peccatori
1419 3854 1499 3905 inter·

265 3952 395 4017 precari
402 3954 574 4019 praecepit.

367 4051 407 4126 2⁰
436 4051 517 4128 Vita
534 4051 655 4128 sancti
675 4051 900 4152 Hieronymi
919 4049 996 4150 (fol.
1019 4049 1218 4150 55‘-58‘).*

303 4185 418 4235 Auctore
432 4196 578 4248 anonymo.
