3076 5498
155 301 221 369 464
495 319 620 370 caran.
640 320 743 370 cobb.
761 321 936 372 hamdan.
957 322 1037 373 mr.

152 490 325 542 clementiam
338 490 487 543 salvatoris
507 493 533 542 et
554 492 613 556 ejus
633 489 759 556 martyris
780 492 866 544 saneti
888 491 1066 558 sigismundi.
1080 494 1167 556 Quam
1189 493 1245 560 ipse
1260 498 1332 544 auctu

153 588 261 655 adiutor
273 589 302 641 in
314 589 546 653 tribulationibus,
560 588 593 641 ad
610 590 697 641 instar
709 590 765 642 veri
780 589 889 655 medici,
902 591 1034 656 pristinae
1046 591 1157 643 sanitati
1171 592 1209 643 sie
1222 591 1334 644 restituito

152 693 282 740 erectaet
294 688 408 740 omnino
428 692 522 740 sanata
543 700 636 740 coram
656 690 732 740 omni
751 689 852 755 populo
874 690 1038 757 ambularet,
1054 694 1142 744 iteum
1160 686 1332 757 glorideaustt'

151 801 210 839 eam
224 801 273 852 per
286 800 379 852 preces
391 792 418 840 et
429 788 526 839 merita
539 787 625 839 sancti
640 786 807 852 Sigismondi
820 801 919 842 sanare
931 795 973 842 est
984 789 1123 858 dignatus.

180 887 210 938 V
221 886 423 939 miraculum.
439 913 469 923 -
481 887 550 938 Ecce
562 886 640 951 plura
652 887 681 937 in
694 888 813 940 crastino
824 886 912 941 dictae
923 888 978 942 diei
990 900 1008 941 ιι
1020 890 1126 942 mensis
1136 889 1262 942 octobris.
1276 881 1348 939 tutat

147 986 209 1048 alia,
223 985 363 1039 Gertrudis
376 984 410 1038 de
423 985 518 1046 Netiss,
532 985 681 1037 immundis
699 986 811 1038 obsessa
832 987 984 1053 spiritibus,
1005 1001 1056 1054 per
1077 990 1158 1056 culus
1176 990 1246 1044 labia
1265 987 1332 1039 daeat

149 1086 225 1139 nium
237 1084 272 1138 ad
285 1086 451 1151 interrogata
463 1083 563 1151 linguis
576 1084 657 1136 variis
678 1083 851 1151 loquebatur,
873 1098 888 1138 a
901 1099 954 1153 qua
975 1088 1054 1140 multi
1067 1089 1120 1140 riri
1139 1088 1265 1156 religiosi,
1273 1082 1333 1139 erait

148 1185 230 1237 nibus
242 1189 269 1237 et
280 1184 341 1236 aliis
352 1183 479 1249 precibus
491 1182 596 1236 dietum
607 1182 786 1237 daemonium
798 1188 991 1250 attemptantes
1004 1186 1153 1252 repellere,
1170 1199 1227 1240 non
1241 1183 1332 1239 ralebttt

148 1283 212 1349 quia
226 1285 295 1335 heus
307 1283 413 1335 futurae
425 1281 527 1349 gloriae
539 1295 604 1335 suae
622 1288 650 1334 et
671 1282 712 1334 sui
724 1283 809 1335 saneti
832 1283 1006 1351 Sigismondi,
1028 1298 1080 1350 per
1102 1287 1184 1352 cujus
1201 1280 1332 1353 pamelio

147 1382 198 1436 hoc
218 1380 277 1435 lieri
297 1381 391 1445 voluit,
413 1381 558 1444 revelator,
582 1383 769 1446 praeservavit
789 1395 856 1435 suae
884 1383 1173 1448 omnipotentissimae
1193 1369 1358 1451 potestattss

150 1479 216 1534 dum
237 1481 316 1533 amici
338 1479 427 1532 dietae
447 1479 571 1531 mulieris
595 1485 620 1531 et
641 1480 687 1531 alii
709 1481 918 1534 circumstantes
940 1489 1088 1535 exorarent
1109 1496 1161 1549 pro
1182 1496 1216 1536 ea
1233 1481 1264 1535 ad
1281 1473 1332 1532 bai

150 1594 225 1643 num,
235 1581 269 1632 ab
281 1580 347 1646 ipsis
360 1577 510 1630 immundis
522 1583 565 1630 est
575 1578 688 1631 liberata
700 1580 841 1645 spiritibus
852 1594 903 1646 per
915 1580 1043 1650 suffragia
1062 1582 1221 1649 hujusmodi
1234 1575 1332 1638 audit*

146 1687 211 1733 tunc
222 1694 271 1746 pro
285 1680 418 1747 rugitibus
431 1678 578 1731 horrendis
590 1679 728 1744 prioribus
739 1678 822 1732 dabat
833 1681 982 1747 gratiarum
1003 1683 1129 1736 actiones
1150 1683 1276 1735 altissimo
1286 1679 1331 1730 dra·

148 1780 209 1831 tori.
223 1779 338 1832 llumani
351 1778 462 1830 tandem
475 1776 586 1829 sedulus
597 1778 707 1844 generis
720 1779 857 1841 inimicus,
880 1779 950 1832 sicut
969 1779 1004 1833 de
1025 1780 1107 1847 lapsu
1129 1782 1247 1836 bominis
1264 1772 1331 1846 ΝΜ

147 1878 183 1931 ita
201 1878 236 1930 de
257 1879 316 1944 ejus
338 1877 454 1930 sanitate
476 1877 608 1941 tristatur,
630 1875 729 1929 dolens
750 1891 779 1930 se
801 1879 917 1943 ejectum
939 1880 973 1932 de
994 1879 1167 1934 habitatione
1190 1881 1239 1934 sibi
1257 1858 1356 1943 chss

2 1976 91 2053 sscod.
144 1977 289 2042 assumptis
302 1976 353 2029 sibi
367 1989 396 2028 se
409 1976 549 2042 pejoribus
563 1977 572 1993 '
584 1974 883 2038 daemonibus‚dietam
896 1979 1041 2032 mulierem
1054 1986 1082 2033 et
1091 1980 1207 2034 domum
1215 1976 1331 2032 uudetetr

16 2043 120 2095 mmm·
145 2080 186 2127 rat
197 2075 293 2129 lortius
305 2075 443 2128 obsessam
456 2085 493 2126 ιιι
516 2073 561 2125 die
586 2075 690 2127 mensis
713 2075 845 2140 praedicti
868 2077 987 2141 intravit,
1012 2077 1048 2130 ad
1072 2084 1251 2147 augmentum
1267 2070 1330 2143 giem
1392 2106 1393 2111 κ

147 2175 276 2228 ditissimi
292 2180 320 2229 et
339 2174 532 2228 revelationem
555 2176 715 2228 meritorum
729 2177 815 2229 sancti
837 2178 880 2230 sui
901 2177 1077 2244 Sigismondi.
1098 2183 1168 2233 Nam
1190 2175 1330 2247 quamtislfl

149 2273 222 2338 ipsos
234 2277 304 2326 torta
316 2272 473 2336 fortissime,
487 2284 536 2336 per
549 2285 644 2337 preces
657 2277 748 2326 tamen
760 2280 788 2325 et
801 2274 897 2327 merita
910 2277 996 2328 sancti
1008 2276 1178 2345 Sigismondi
1191 2274 1284 2330 iteratis
1292 2264 1331 2321 tlv't
1391 2276 1393 2283 ⁴

147 2372 198 2424 bus
209 2380 250 2424 est
259 2371 367 2437 plenius
379 2370 502 2434 liberata,
525 2371 678 2434 ambulans,
692 2371 847 2436 glorilicans
868 2387 931 2426 eum
953 2375 1000 2442 qui
1022 2389 1071 2441 per
1092 2383 1204 2429 sanctos
1224 2385 1280 2427 suos
1292 2350 1353 2419 W
1391 2374 1393 2408 ²

149 2471 282 2524 mirabilia
295 2483 401 2537 magna.

179 2570 224 2622 VI
237 2568 439 2622 miraculum.
451 2595 486 2606 -
497 2568 599 2621 beinde
611 2569 656 2621 die
667 2581 695 2621 ιιι
707 2569 772 2622 dicti
786 2573 888 2624 mensis
898 2572 984 2625 etalia
998 2573 1109 2638 mulier,
1120 2573 1231 2627 nomine
1241 2558 1329 2624 flabili

149 2673 283 2735 brustcez,
297 2672 331 2724 ab
352 2670 502 2723 immundis
514 2674 609 2721 vexata
631 2669 771 2734 spiritibus
783 2675 811 2722 et
827 2671 920 2723 multis
941 2673 1022 2724 annis
1044 2674 1169 2740 obsessa,
1192 2684 1258 2740 quae
1274 2668 1330 2727 ppt

148 2783 242 2835 preces
255 2770 371 2823 aliorum
384 2770 574 2837 religiosorum
589 2769 708 2820 virorum
719 2770 808 2834 juvari
823 2782 878 2822 non
892 2771 978 2835 potuit
990 2776 1038 2823 aut
1056 2771 1172 2826 liberari
1194 2759 1328 2825 adaemtlt

147 2869 319 2934 supradictis,
332 2868 365 2921 ad
379 2867 535 2935 sepulcrum
548 2866 613 2919 dicti
627 2867 712 2919 sancti
731 2866 857 2933 adducta,
871 2881 921 2934 per
939 2869 1026 2935 ipsius
1047 2871 1138 2924 sancti
1157 2871 1273 2936 martyris
1281 2844 1352 2917 um!
1389 2880 1393 2897 ¹

146 2967 299 3021 cessionem
321 2973 361 3019 est
384 2967 508 3032 protinus
530 2965 643 3017 liberata
662 2964 696 3016 ab
719 2966 908 3031 hujuscemodi
928 2969 1074 3022 teredone
1093 2971 1237 3035 spirituum
1251 2968 1328 3019 imru
1388 2963 1393 2996 ³

145 3065 252 3119 dorum.

178 3166 239 3218 vn
261 3164 462 3217 mulum.
477 3191 507 3201 -
525 3166 578 3215 Nec
599 3162 627 3213 in
650 3163 691 3215 his
714 3165 809 3216 merita
830 3165 1015 3231 ipsiussancti
1037 3167 1205 3234 sigismundi
1225 3162 1329 3219 ternittt
1389 3156 1393 3192 ’·

144 3267 282 3329 potentiae
299 3265 464 3327 habuerunt,
486 3261 533 3315 sed
557 3267 583 3313 el
595 3273 633 3314 ιιιι
654 3261 700 3314 die
712 3261 778 3314 dieti
797 3264 898 3316 mensis
921 3266 1041 3319 octobris
1061 3267 1138 3320 venit
1157 3267 1192 3321 ad
1216 3262 1330 3331 sepulcro
1390 3256 1393 3289 ³

144 3365 231 3415 sancti
244 3364 289 3415 liei
301 3362 438 3429 quaedam
450 3361 558 3422 mulier,
573 3360 686 3413 nomine
696 3361 782 3414 lania
795 3361 830 3414 de
842 3365 930 3428 llnyn‚
944 3376 1049 3430 pauper
1068 3370 1098 3418 et
1112 3378 1205 3428 caeca,
1225 3373 1287 3431 quae
1297 3336 1360 3408 Μ·

144 3462 316 3515 nutriebatur
334 3461 507 3526 elemosyna;
528 3466 555 3511 et
574 3460 699 3512 oratione
719 3459 789 3524 fusa,
810 3462 874 3527 quia
895 3462 999 3515 nullam
1021 3463 1113 3517 adhuc
1136 3446 1331 3529 elemosynam&

143 3560 235 3626 aliquo
248 3559 358 3612 homine
371 3559 418 3611 illo
429 3558 474 3610 die
486 3563 638 3623 acceperat,
648 3564 690 3609 est
703 3565 810 3622 precata
832 3565 959 3613 sanctum
982 3566 1132 3627 martyrem
1152 3563 1189 3615 de
1209 3558 1331 3629 quoauoflt

144 3661 275 3726 quatinus
286 3660 380 3712 saltem
391 3671 440 3724 pro
453 3657 500 3709 illa
511 3656 556 3709 die
568 3657 596 3708 in
608 3657 772 3711 victualibus
784 3659 940 3724 provideret
957 3658 1059 3713 eidem.
1074 3662 1106 3713 ttt
1118 3661 1186 3715 dum
1200 3663 1227 3714 in
1242 3659 1289 3713 illis
1298 3661 1335 3709 to·

143 3758 264 3811 tionibus
287 3758 382 3809 devota
405 3755 532 3807 cordialis
552 3753 721 3820 perduraret,
744 3769 806 3810 mox
829 3760 889 3823 ejus
911 3759 1087 3829 apertisunt
1103 3761 1187 3827 oculi,
1214 3766 1240 3813 et
1258 3753 1338 3826 quita!

144 3869 258 3923 magnae
269 3860 389 3907 staturae
400 3866 495 3919 senex,
508 3854 584 3905 canis
595 3855 728 3915 crinibus,
742 3855 770 3907 in
782 3856 901 3911 candido
917 3860 1027 3925 vestitu,
1040 3861 1151 3926 prolixa
1168 3861 1260 3923 barba,
1275 3838 1367 3912 eidi!⁸

143 3955 250 4008 mulieri
262 3953 397 4020 apparuit,
411 3952 507 4004 dicens
521 3967 527 4003 :
539 3951 602 4005 Hoc
614 3952 671 4005 tibi
684 3953 801 4008 monile
812 3954 924 4020 triduo,
932 3968 995 4023 pro
1006 3969 1041 4012 eo
1054 3970 1092 4011 xv
1108 3972 1235 4026 pressos
1254 3954 1344 4011 babil*

141 4065 210 4107 rae.
224 4054 283 4106 lllic
295 4064 360 4104 vero
374 4052 504 4104 mulieres
516 4052 649 4104 honestae
661 4058 811 4118 matronae,
825 4066 896 4120 quae
916 4060 982 4109 tunc
1002 4069 1096 4110 coram
1109 4059 1238 4125 sepulcro
1257 4054 1347 4111 ΜΝ

16 4181 24 4206 t
47 4161 127 4233 1qu
145 4153 276 4218 ejusdem,
290 4153 445 4204 intuentes‘
466 4151 619 4213 mulierem,
638 4153 761 4216 quamvis
773 4158 929 4207 assererent
951 4155 1074 4210 veridice
1094 4163 1124 4211 et
1136 4172 1189 4224 pro
1210 4164 1281 4213 certo
1294 4147 1348 4222 qml

1 4229 10 4280 ἵ·
25 4227 131 4280 hemes·
146 4253 249 4305 nullum
261 4253 349 4304 virum
359 4253 490 4305 vidissent
502 4255 621 4303 staturae
633 4255 680 4302 aut
691 4249 878 4317 dispositionis
887 4254 1045 4320 hujusmodi
1060 4262 1093 4310 ut
1101 4260 1268 4324 praefertur,
1279 4262 1352 4310 unet
1387 4254 1393 4319 ι’

143 4351 257 4404 candem
272 4351 477 4418 pauperculam,
490 4363 552 4402 cum
573 4362 627 4415 qua
648 4349 722 4414 apud
743 4351 817 4403 idem
837 4353 995 4417 sepulcrum
1014 4356 1143 4420 orabant,
1166 4360 1322 4426 gaudentem
1335 4342 1393 4404 Ν

141 4452 308 4504 exultantem
321 4451 471 4502 surrexisse
483 4449 517 4501 ab
530 4449 654 4502 oratione
667 4448 795 4502 viderunt
808 4450 1010 4519 habentemque
1030 4454 1060 4508 in
1081 4468 1171 4511 manu
1192 4470 1243 4513 sua
1258 4464 1356 4512 arreum

141 4553 283 4619 bragensis
295 4557 440 4615 monetae3
455 4550 609 4615 mulierque
622 4548 752 4614 praelata,
766 4549 829 4602 licet
841 4552 997 4618 perterrita,
1019 4555 1106 4608 beum
1124 4557 1308 4625 glorificabat
1322 4553 1360 4623 od
