3082 5498
279 313 371 364 asso.
391 313 475 362 uer.
494 311 611 361 ranis.
631 332 676 342 —
692 311 844 361 urrann.
865 311 911 360 so
928 301 1005 359 con.
1025 310 1062 358 n.
1081 310 1116 397 s.
1139 304 1212 356 asro.
1307 293 1377 360 505

137 477 409 531 saeculocoututit
419 479 527 543 etpost
539 476 654 531 obitum
665 477 863 530 securitatem
871 474 1013 529 ealliduit
1020 474 1253 542 senpiternam.
1263 477 1372 531 Noster

140 580 249 631 tamen
266 576 394 630 animus
414 576 500 630 debet
518 589 583 630 esse
597 579 736 644 paratus
755 576 797 628 act
816 587 1008 642 quocumque
1024 573 1214 641 supplicium
1229 575 1375 630 intulerit

143 678 304 732 iuimicus.

177 779 217 832 V.
232 778 300 842 Quid
314 777 392 843 plura
402 778 414 829 t
426 778 516 840 tli[n]c
528 775 655 830 effectum
667 782 709 830 est
721 783 751 830 ut
764 775 939 829 beatissimus
952 781 1054 841 martyr
1068 775 1205 828 sententia
1217 774 1376 828 detestanda

141 879 208 931 duci
219 876 329 943 iubetur
340 875 376 928 ad
389 889 513 942 poenam.
526 878 649 943 Cumque
661 876 717 940 [ad]
730 875 938 942 adipiscendum
952 875 1075 928 debitum
1087 887 1206 928 coronae
1218 876 1370 942 praemium

143 976 301 1032 duceretur.
313 973 369 1027 duo
381 973 524 1037 officiales,
539 976 640 1028 reversi
654 975 688 1028 de
706 975 802 1036 limite,
825 979 1006 1028 occurrerunt
1023 974 1059 1026 ei.
1073 975 1093 1026 Ε
1106 974 1207 1041 quinus
1216 987 1289 1026 unus
1301 973 1375 1027 clara

144 1089 212 1129 soce
223 1074 311 1128 dixit:
328 1075 351 1128 0
370 1087 465 1142 quam
485 1072 646 1142 nefariam
670 1073 886 1129 occurrimus!
905 1075 953 1127 cui
973 1074 1076 1140 collega
1100 1072 1160 1139 ejus
1183 1073 1373 1140 respondens:

145 1177 310 1239 insontem,
323 1174 422 1240 inquit,
436 1175 494 1227 aut
505 1171 588 1244 falso
601 1175 735 1228 crimine
746 1174 908 1227 addictum
920 1177 978 1227 aut
989 1176 1072 1227 certe
1082 1173 1204 1227 deatum
1214 1170 1376 1241 nefarium

145 1273 244 1326 dicas.
258 1272 296 1324 td
310 1285 379 1339 quos
390 1273 480 1325 statim
495 1272 669 1325 beatissimus
682 1272 770 1325 Victor
784 1272 820 1323 lta
838 1276 879 1324 cst
896 1271 1021 1325 elocutus
1035 1288 1041 1323 :
1067 1272 1112 1325 Tu
1124 1271 1258 1338 quidun,
1272 1272 1371 1338 inquil,

142 1371 337 1438 praecaveris
349 1372 392 1423 aa
403 1371 522 1436 maium
536 1370 586 1425 iiic
598 1374 704 1424 autem
715 1371 818 1437 capite
830 1372 894 1424 luet
906 1384 1035 1437 poenas.
1056 1371 1171 1424 Tamen
1182 1370 1275 1425 dicite
1283 1382 1376 1437 prae-

146 1471 211 1523 sidi
221 1473 322 1523 vestro
335 1471 369 1521 ut
380 1469 442 1521 ntei
453 1481 575 1524 crucem
589 1469 841 1535 iuterimjrcdeat,
854 1473 884 1522 et
895 1483 915 1522 a
924 1469 1071 1536 poaapra
1082 1469 1192 1522 statim
1203 1482 1299 1522 sauus
1312 1470 1375 1538 fiet.

179 1572 235 1624 VI.
254 1574 286 1623 llt
297 1571 343 1624 ulti
360 1570 395 1623 ad
404 1569 526 1637 jndicem
540 1576 736 1636 pervenerunt,
752 1570 884 1636 lectisque
893 1570 977 1637 judex
985 1571 1094 1636 scriptis
1105 1583 1175 1636 quae
1184 1575 1259 1637 gesta
1269 1571 1378 1623 ruerant

147 1670 329 1738 cognovisset,
344 1669 519 1722 maledictum
540 1668 628 1733 illum,
651 1669 698 1735 qui
719 1670 745 1721 in
769 1670 895 1734 martyris
916 1669 1044 1735 injuriam
1059 1668 1202 1735 prosilivit,
1216 1668 1377 1735 puniturum

147 1768 175 1819 in
187 1779 329 1820 carcerem
343 1765 415 1819 trudi
426 1767 518 1832 jussit,
532 1767 609 1819 illum
630 1777 694 1819 vero
714 1767 830 1819 alterum
852 1766 1029 1820 decurionem
1048 1767 1122 1832 lecit,
1141 1774 1171 1820 ut
1183 1779 1274 1820 sermo
1287 1767 1375 1819 sancti

146 1866 261 1918 lictoris
272 1865 475 1930 manciparetur
488 1862 595 1918 effectui
607 1883 614 1929 3
637 1865 790 1918 secundum
812 1865 970 1930 petitionem
992 1867 1127 1930 veroejus
1139 1865 1213 1918 cruci
1227 1879 1291 1918 eurn
1304 1865 1376 1931 adigi

146 1964 297 2030 praecepit.
309 1962 515 2030 confestimque
535 1970 626 2017 rector
636 1963 809 2030 provinciae,
823 1965 869 2030 oui
890 1963 1025 2031 podagrae
1046 1964 1196 2018 valitudine
1215 1965 1332 2018 afflictus
1350 1965 1377 2016 ln

145 2060 539 2128 sellaajutenilmsajudicio
552 2062 701 2128 terebatur,
724 2063 780 2114 suls
797 2075 864 2115 sane
883 2061 1000 2128 pedibus
1020 2064 1054 2116 ad
1074 2064 1240 2129 praetorium
1261 2068 1303 2117 est
1315 2076 1378 2130 pro·

147 2164 249 2217 tectus.

178 2261 254 2313 vn.
272 2261 343 2312 Sane
355 2260 438 2312 etiam
451 2261 502 2314 hoc
514 2261 546 2312 ad
560 2259 748 2314 fortitudinem
757 2262 883 2329 martyris
893 2261 1118 2328 praeconandum
1127 2275 1183 2315 non
1192 2263 1379 2315 estsilentium

145 2361 361 2423 transeundum,
375 2361 448 2427 quod
470 2361 765 2429 cumgloriosissimus
787 2362 877 2416 victor
895 2368 1019 2429 exoptata
1040 2362 1216 2429 pependisset
1236 2364 1264 2415 in
1285 2375 1378 2428 cruce,

146 2461 335 2527 manibusque
347 2460 480 2527 porrectis
491 2461 582 2514 clusos
594 2476 643 2527 per
655 2462 768 2515 vulnera
781 2465 954 2530 suscepisset,
976 2469 1057 2530 alque
1074 2465 1129 2529 jam
1143 2477 1198 2517 uno
1212 2463 1280 2529 pede
1296 2463 1378 2516 alliso

146 2561 237 2626 clavo,
251 2541 314 2612 cum
328 2562 356 2613 ln
370 2560 439 2627 pede
457 2561 511 2614 allo
524 2561 686 2623 mitteretur,
700 2575 799 2615 curlus
817 2562 912 2616 luisset
925 2560 1046 2623 effectus,
1059 2576 1135 2616 mora
1147 2564 1281 2616 existente
1294 2563 1381 2615 carni·

147 2659 201 2713 lice
213 2673 246 2713 ac
258 2660 416 2713 diversitate
429 2666 525 2725 stupor
535 2661 628 2713 nescio
638 2663 715 2727 cujus
725 2661 836 2714 exstitit.
846 2662 998 2728 Statimque
1007 2662 1080 2716 idem
1091 2664 1119 2714 in
1129 2663 1258 2715 omnibus
1270 2661 1378 2714 victor:

151 2760 235 2819 Quid
244 2761 258 2813 t
270 2759 360 2827 inquit
377 2760 509 2814 carnifici.
526 2761 693 2815 credidisti
705 2764 734 2814 te
746 2763 778 2814 in
792 2761 968 2827 tarpeiae
985 2765 1064 2816 cette
1075 2775 1124 2816 me
1135 2762 1288 2827 cruciari,
1310 2774 1382 2815 cum

144 2872 201 2927 eqo
214 2860 340 2912 riudam
348 2860 480 2926 penitus
488 2842 623 2926 poenam
632 2860 766 2913 seutiam
779 2862 825 2914 oet
838 2862 976 2915 dotorem
990 2862 1117 2915 reverte
1134 2863 1259 2916 atavum
1274 2862 1382 2926 istum,

146 2959 205 3026 qui
216 2959 378 3025 duplicato
390 2959 534 3013 acumine
546 2972 616 3012 ossa
628 2973 692 3013 uon
699 2961 803 3027 potuit
811 2963 989 3026 penetrare.
1005 2964 1088 3025 Quem
1101 2960 1193 3014 statim
1206 2974 1305 3028 magno
1318 2961 1381 3013 nisu

147 3065 176 3112 et
188 3059 335 3112 conamine
349 3060 471 3112 avulsum
485 3072 547 3111 cum
561 3072 674 3112 curvum
687 3060 865 3125 prospiceret,
878 3061 1004 3128 correxit,
1019 3074 1184 3127 rursumque
1198 3060 1380 3126 perforamen

147 3157 225 3226 quod
238 3155 346 3210 defixus
359 3157 447 3210 dierat
458 3158 605 3211 revocavit.

180 3257 272 3309 vm.
291 3257 472 3309 &abatorum
485 3270 595 3324 quoque
607 3258 667 3310 dies
680 3264 738 3312 erat
750 3272 802 3324 qua
822 3259 918 3311 heatus
942 3259 1030 3311 victor
1048 3272 1130 3312 cruce
1148 3272 1300 3324 suspensus
1317 3266 1379 3311 est:

147 3357 225 3410 unde
239 3356 320 3408 etiarn
330 3357 493 3421 judaeorum
506 3357 612 3409 infinita
631 3358 777 3411 multitudo
790 3357 868 3424 quasi
882 3358 915 3411 ad
928 3358 1066 3424 quoddam
1081 3358 1302 3424 exspectaculum
1315 3358 1381 3410 illuc

148 3466 320 3509 concurrens
334 3454 490 3507 advenerat.
503 3456 626 3522 Cumque
640 3457 667 3509 in
682 3457 726 3508 illa
746 3458 825 3510 turba
844 3472 916 3510 unus
935 3457 1056 3510 nefarius
1068 3471 1150 3524 quam
1166 3458 1283 3509 maxime
1295 3458 1381 3510 saevi·

149 3551 230 3609 tulus
242 3555 279 3606 ita
301 3533 431 3620 pendenti
443 3556 621 3608 vehementer
641 3562 669 3608 et
690 3557 789 3609 acriter
813 3558 966 3621 insultaret,
979 3563 1009 3609 ut
1028 3556 1101 3610 ultra
1122 3556 1241 3609 nefanda
1260 3557 1382 3610 convicia

148 3656 268 3721 objecta,
282 3655 395 3718 insuper
405 3667 493 3707 muna
506 3655 593 3719 capite
605 3656 693 3709 ‹liviso
708 3657 736 3708 in
749 3659 810 3722 ejus
828 3659 1030 3710 sanctissimum
1044 3663 1138 3723 pectus
1151 3657 1288 3724 ingereret
1300 3661 1382 3722 alque

149 3752 267 3819 capillos
278 3753 412 3818 quosdam
426 3754 527 3806 intorta
539 3767 571 3806 uc
584 3768 665 3820 saepe
682 3754 804 3808 revoluta
824 3755 962 3809 arundine
981 3763 1128 3809 conaretur
1145 3756 1272 3820 evellere,
1290 3762 1318 3808 et
1331 3769 1382 3806 nec

148 3850 248 3904 dolore
260 3849 307 3903 illo
320 3863 370 3903 nec
383 3851 523 3903 iracundia
536 3852 717 3918 compleretur
727 3853 846 3906 eundem
859 3854 893 3906 ad
905 3853 1096 3907 removendam
1109 3855 1236 3921 injuriam
1248 3854 1384 3923 inhibere,

149 3956 245 4003 lumen
258 3949 351 4002 divino
364 3951 517 4014 instithctu
530 3953 696 4005 ammonitus
709 3953 750 4004 vel
764 3954 853 4019 potius
866 3954 1037 4018 althortatus,
1051 3959 1081 4006 ut
1093 3954 1219 4006 caelestia
1231 3955 1307 4020 signa
1320 3967 1383 4020 erga

148 4050 270 4104 electum
284 4049 417 4115 optimum
433 4057 578 4117 martyrem
592 4050 861 4117 demonstrarentur,

181 4142 288 4201 vnn.
309 4147 382 4200 idem
397 4150 492 4202 beatus
506 4151 593 4201 Victor
614 4151 793 4204 lacessentem
804 4151 935 4216 judaeum
955 4153 997 4204 iris
1015 4160 1056 4204 est
1075 4153 1186 4204 vocibus
1200 4159 1382 4218 prosecutus:

152 4246 210 4311 Tu,
223 4245 324 4311 inquit,
338 4245 394 4312 aui
403 4245 625 4315 sabbatumque
637 4251 666 4303 te
677 4251 822 4317 retiatose
834 4251 997 4304 adseruare
1005 4252 1178 4319 profiteris,
1193 4252 1339 4319 polluere
1352 4254 1381 4304 et

147 4344 374 4399 contaminare
385 4347 521 4411 uoluisti,
536 4350 640 4414 utpote
660 4350 714 4416 otti
736 4353 845 4404 contra
864 4351 992 4404 solitum
1014 4354 1151 4405 tenorem
1174 4354 1261 4404 ultra
1275 4364 1381 4405 macros

146 4443 293 4498 civitatis
305 4456 447 4509 epressus
459 4459 501 4498 cs.
514 4447 586 4499 lam
598 4461 683 4500 nuato
694 4449 793 4511 sciltla
805 4462 841 4502 oc
855 4463 1033 4516 recopuosce
1045 4451 1125 4516 quod
1139 4449 1231 4502 ittam
1241 4453 1378 4516 portam,
1434 4510 1436 4514 Α
