3076 5498
156 294 225 361 aab
495 309 621 360 chaun.
641 308 743 360 cono.
763 307 938 359 usercen.
956 308 1038 358 mr.

151 492 216 532 vero
237 480 350 532 nomine
372 479 554 539 lastinianus,
575 480 622 545 qui
635 479 775 531 Ambianis
794 477 822 530 in
841 477 922 530 domo
934 475 1004 543 Lupi
1018 475 1177 542 requiritur,
1189 470 1325 527 iraterliciur

152 579 239 632 sancti
254 581 391 647 martyris.

182 682 238 732 luc.
261 681 331 745 prol.
354 681 428 734 Cum
451 682 531 732 Dens
552 679 744 745 omrtcpotens
765 689 933 730 nruntcrnm
951 677 1154 730 saeculorum
1172 667 1325 740 mntn'pthei

144 777 311 842 permittit,
329 778 532 845 cognitionem
548 777 599 829 sui
611 776 744 844 gloriosi
755 776 890 829 nominis
900 787 962 841 per
978 777 1077 828 totum
1095 772 1238 827 mundum
1250 769 1326 824 elea·

149 885 217 927 cere
230 875 378 929 concedit.

182 978 237 1028 lnc.
252 979 352 1029 Passio.
366 978 498 1030 Sanctus
512 978 610 1044 igitur
621 981 652 1030 et
662 976 787 1031 nomine
799 978 828 1029 et
839 977 914 1030 actu
925 975 1084 1043 Iustinus,
1094 973 1250 1029 catholicis
1256 980 1328 1039 perd·

149 1076 231 1129 tiens
251 1081 351 1144 ortus,
367 1078 532 1146 salutiferi
549 1092 670 1145 quoque
690 1078 813 1131 lavacri
835 1075 970 1143 lymphis
991 1087 1154 1141 coruscae,
1174 1067 1327 1128 scandali

148 1178 338 1241 apostol-icae
351 1179 427 1245 fidei
438 1179 483 1233 sol
493 1179 639 1242 iustitiae
650 1178 776 1244 affatim
788 1176 902 1231 enituit
913 1179 1063 1243 comptae.

246 1267 311 1344 390
327 1268 411 1344 Vita
425 1269 547 1346 sancti
566 1268 749 1369 Exuperii
765 1266 941 1367 episcopi
957 1274 996 1344 et
1009 1264 1251 1360 confessoris,
1266 1278 1326 1363 qttt

297 1401 356 1469 est
373 1392 551 1470 kalendis
568 1393 719 1492 augusti
739 1391 817 1492 (iol.
839 1388 1006 1489 930-950).

181 1518 286 1567 benere
306 1515 424 1582 quodam
446 1516 567 1569 liberiori
589 1516 707 1584 rhythmi
725 1516 890 1582 conscripta.
906 1520 936 1567 ut
949 1526 1006 1567 uon
1018 1526 1124 1579 paucae
1140 1513 1326 1566 aliaesaneoruu

148 1615 222 1666 viae
234 1614 295 1679 (etr.
309 1607 472 1668 maestam
485 1618 521 1670 uu
542 1616 626 1683 uerit,
640 1615 763 1670 acestes
778 1615 968 1682 populaires
989 1613 1108 1666 tatem
1129 1612 1175 1666 eu
1193 1604 1325 1676 monam

148 1727 175 1779 p.
187 1716 217 1766 iit
232 1720 312 1781 squ).
329 1718 400 1769 llaec
421 1717 489 1770 illud
512 1717 650 1784 singulare
670 1717 779 1770 exhibet
800 1714 885 1782 quod,
898 1727 963 1767 cum
975 1714 1005 1766 in
1023 1726 1072 1765 sex
1084 1713 1215 1766 lectiones
1230 1707 1325 1763 distribuit

148 1813 193 1878 sit,
206 1815 330 1866 omnium
343 1817 541 1868 sententiarum
555 1818 677 1869 membra
689 1816 717 1867 in
730 1816 818 1882 prima
830 1814 963 1867 desinunt
983 1825 1032 1879 per
1042 1812 1164 1864 litteram
1176 1824 1205 1879 a,
1219 1799 1325 1862 insenuit

149 1923 198 1974 per
211 1909 329 1964 litteram
342 1925 368 1978 e,
381 1912 460 1965 etsie
481 1913 611 1978 deinceps
629 1927 677 1978 per
697 1914 801 1965 litteras
814 1912 835 1977 i,
848 1924 874 1979 ο,
887 1926 919 1978 u,
933 1911 962 1963 iu
976 1917 1052 1963 serta
1071 1922 1139 1963 vero
1159 1907 1324 1976 personanti·
1362 1932 1364 1951 ι

148 2011 240 2076 ltaque
253 2024 313 2063 earn
327 2011 461 2065 edendam
474 2012 604 2064 duximus
616 2013 688 2065 inira
702 2013 730 2064 iu
743 2011 909 2078 appendice,
922 2023 986 2063 curn
1003 2011 1167 2076 praesertim
1181 2005 1324 2061 hacmetffl
1361 2006 1364 2083 ξ

147 2109 338 2162 tantummodo
359 2116 422 2163 nota
444 2111 477 2162 sit
500 2112 556 2162 Vita
576 2112 603 2164 S.
617 2111 756 2176 exuperii,
769 2123 785 2163 e
798 2108 893 2163 codice
906 2121 979 2161 saec.
993 2110 1060 2160 xvtl
1073 2107 1149 2160 edita
1165 2120 1180 2160 a
1192 2107 1222 2161 cl.
1234 2090 1324 2156 utilis
1362 2124 1364 2183 ;

146 2207 206 2271 (cir.
221 2221 314 2274 supra,
328 2222 354 2274 p.
369 2211 427 2275 232,
441 2212 506 2274 420).
1362 2268 1364 2273 Ι

243 2297 307 2374 300
326 2299 456 2377 Passio
483 2301 604 2378 sancti
633 2299 820 2399 Stephani
847 2319 973 2399 papae
998 2304 1038 2374 et
1057 2295 1245 2397 martyris,
1261 2298 1323 2390 quat
1362 2324 1364 2331 ·

292 2429 348 2500 θεῖ
367 2448 410 2498 ιιι
431 2447 552 2501 nonas
569 2424 722 2524 augusti
740 2421 818 2521 (fol.
841 2419 1033 2519 95098οῖ.0

178 2546 281 2598 desinit
293 2548 320 2598 in
333 2549 423 2599 verbis
435 2548 469 2599 in
481 2549 661 2601 coemeterio
677 2547 810 2614 Callisti,
824 2546 877 2598 oie
891 2545 994 2612 Appia
1005 2545 1095 2608 (num.
1110 2544 1143 2596 ΞΩ
1155 2543 1241 2605 extr).

240 2635 304 2711 3ῖο
322 2637 493 2714 inventio
512 2638 689 2738 corporis
707 2637 828 2715 sancti
857 2633 1043 2735 Stephani
1071 2618 1328 2734 protomartyris

297 2768 336 2836 et
353 2760 550 2837 sociorum
571 2759 806 2855 Gamaliclis,
824 2756 1056 2836 Nichodemi
1073 2765 1193 2857 atque
1210 2750 1337 2836 dhon

293 2904 392 2982 quae
412 2889 468 2961 est
488 2908 531 2958 111
552 2905 674 2961 nonas
692 2882 844 2983 augusti
863 2881 941 2982 (fol.
964 2878 1185 2978 Pbs-iddvlf

242 3003 306 3079 330
324 3005 408 3083 Vita
426 3006 547 3083 saneti
567 3006 738 3084 Cassiani
761 3004 934 3106 episcopi
955 3013 993 3081 et
1007 3002 1260 3090 confessoris,
1276 3014 1350 3101 quac

291 3135 348 3205 est
368 3129 481 3206 nonis
500 3129 650 3229 augusti
670 3129 747 3229 (fol.
772 3125 991 3226 10004030).

175 3250 223 3302 Ed.
235 3252 329 3303 hoel.
342 3252 435 3316 Both,
449 3258 515 3306 tom.
530 3255 571 3318 lv,
586 3268 613 3318 p.
630 3255 730 3306 thetid.
744 3254 803 3306 om.
817 3252 946 3320 prologus
967 3255 995 3303 et
1015 3250 1045 3301 in
1066 3247 1126 3302 tine
1147 3251 1286 3317 reperitur
1301 3246 1363 3300 tectio

144 3349 253 3401 varians
266 3349 384 3401 indicata
398 3351 476 3416 ibid,
491 3365 516 3415 p.
532 3353 588 3415 166,
602 3357 660 3404 ιιοῖ.
673 3355 699 3405 8.

241 3437 305 3514 330
324 3439 455 3516 Passio
473 3440 594 3517 sancti
615 3440 709 3518 sixti
729 3439 905 3541 episcopi
925 3444 964 3516 et
982 3438 1189 3539 martyris,
1211 3445 1366 3543 quaeest

292 3586 358 3636 vru
378 3562 467 3639 idus
485 3563 637 3663 augusti
656 3563 733 3663 (fol.
758 3562 996 3663 lea-leet*

243 3681 308 3759 340
327 3683 456 3762 Passio
483 3687 604 3762 sancti
632 3686 770 3764 Donati
799 3685 976 3786 episcopi
995 3692 1034 3763 θῖ
1060 3690 1274 3792 martyris,
1293 3710 1366 3791 qua

293 3816 351 3884 est
368 3831 420 3885 vu
439 3807 528 3886 idus
544 3809 698 3909 augusti
716 3808 793 3909 (fol.
817 3808 1039 3909 10404060).

175 3926 223 3979 uu.
236 3941 280 3993 ap.
295 3931 488 3997 nominum,
503 3937 568 3984 tom.
584 3935 604 3996 ι,
619 3933 666 3985 ror.
679 3933 824 3986 εει-θεῖν.

242 4016 307 4093 350
325 4019 458 4097 Passio
476 4021 599 4098 sancti
617 4021 815 4099 Laurentii
834 4021 1109 4100 archidiaconi
1131 4030 1174 4103 θῖ
1195 4028 1366 4128 martpris

293 4149 469 4240 quaeest
488 4168 546 4218 1111
566 4143 655 4222 idus
672 4144 826 4244 augusti
844 4145 921 4240 (fol.
944 4144 1206 4247 leet-leta*

242 4261 307 4337 360
336 4262 419 4340 Vita
454 4267 576 4343 sancti
609 4266 812 4367 Gaugerici
847 4268 1025 4369 episcopi
1057 4276 1102 4346 et
1135 4274 1367 4354 confessori

295 4408 396 4484 quae
415 4393 472 4464 θεῖ
490 4413 534 4463 ιιι
552 4389 642 4466 idus
660 4398 842 4491 augustas
859 4388 936 4489 (iol.
960 4389 1193 4494 lea-lle).

176 4511 224 4563 Ed.
239 4515 331 4566 hant.
346 4516 434 4584 Beth,
449 4523 514 4570 tom⁸
529 4521 581 4583 ill,
596 4534 622 4586 p.
637 4523 740 4574 588·98.
