3076 5498
377 341 469 394 mnu.
489 340 575 393 sar.
595 342 713 392 reare.
732 360 777 372 -
794 339 872 389 coo.
894 336 985 387 raam.
1233 322 1296 386 115

162 510 229 586 11⁰
246 509 331 589 Vita
357 509 592 610 sanctissimi
620 508 809 587 iohannis
835 529 998 608 magnae
1015 505 1299 584 Alexandrinae

213 633 325 712 urbis
341 632 586 736 patriarchae
605 638 643 710 et
663 630 792 732 magni
811 629 1085 732 elemosynarii
1099 628 1176 727 (iol.
1197 628 1299 706 ibet-

216 757 325 858 168').

85 895 214 944 Auctore
226 890 349 956 Leontio,
363 888 407 942 ed.
420 888 487 942 Act.
499 888 559 955 δᾶ,
573 887 607 941 ad
619 885 647 939 d.
661 888 694 940 25
704 889 776 952 tan„
790 890 855 939 tom.
868 887 901 952 ii,
912 900 938 951 p.
948 884 1070 938 iiiii-iiii.
1081 886 1185 937 besunt
1196 883 1301 938 scilicet

52 990 138 1042 initio
151 988 251 1052 (nullis
262 994 355 1042 umen
367 987 467 1041 excisis
482 985 565 1052 loliis,
578 985 627 1039 sed
641 999 658 1038 a
670 985 760 1039 scriba
774 983 977 1050 emetermissa)
989 981 1121 1050 praefatio
1134 983 1300 1048 interpretis,

52 1087 238 1154 prooemium
249 1087 369 1141 auctoris
382 1092 409 1140 et
421 1085 568 1140 exordium
580 1086 655 1137 vitae
665 1086 783 1148 (numm.
796 1086 822 1150 5,
836 1086 872 1147 4).

162 1185 230 1264 12⁰
246 1185 332 1265 vita
361 1189 517 1263 sanctae
547 1181 719 1261 Eulaliae
748 1182 910 1283 virginis
940 1189 980 1259 et
1009 1181 1191 1282 martyris
1220 1179 1298 1281 (iol.

217 1308 430 1410 itae-1691).

91 1442 147 1496 ito.
161 1456 199 1495 ex
211 1442 272 1496 cod.
286 1446 369 1496 brux.
383 1445 443 1509 biii,
460 1441 523 1496 Cat.
538 1442 650 1506 Bruta,
664 1444 730 1494 tom.
744 1440 765 1503 i,
780 1453 807 1504 p.
820 1439 922 1491 biii-itt.

291 1937 372 2028 DL.
406 1936 533 2025 Codex
564 1937 753 2047 signatus
786 1963 899 2027 num.
935 1937 1081 2028 12021.

93 2184 171 2237 olim
185 2185 313 2239 coenobii
327 2187 509 2254 corbeiensis,
526 2186 627 2240 deinde
640 2188 811 2254 San-Germ,
824 2186 900 2254 prius
912 2188 970 2254 stt,
985 2187 1124 2241 recentius
1138 2188 1195 2240 tit.

95 2281 241 2336 Foliorum
263 2287 320 2349 iil,
335 2285 408 2339 med.
420 2286 640 2353 (0¹,5ib><⁰,2i),
661 2288 762 2352 partim
783 2287 919 2342 columnis
939 2287 1012 2340 binis
1032 2288 1088 2349 (iol.
1104 2286 1192 2350 ibit),
1206 2284 1303 2352 partim

60 2382 149 2436 lineis
161 2383 251 2449 plenis
265 2383 324 2448 (iol.
336 2385 382 2438 ab*
396 2384 431 2437 ud
444 2384 546 2451 linem),
560 2391 688 2439 exaratus
700 2399 772 2439 saec.
786 2389 815 2439 ii.

167 2479 409 2580 [Miraculurn
426 2482 464 2559 S.
487 2480 669 2584 Richarii]
686 2483 763 2582 (fol.
786 2484 843 2583 li.

10 2665 12 2671 .
102 2610 307 2680 Temporibus
323 2614 465 2681 piissimi
483 2614 679 2670 mancorum
699 2615 793 2683 reque,
806 2617 958 2683 requame
976 2615 1057 2669 satis
1074 2615 1216 2669 decenter
1233 2627 1304 2668 cum

10 2747 12 2760 .
61 2724 98 2766 eo
111 2711 251 2780 usqam,
264 2713 333 2782 filio
345 2727 412 2779 suo,
425 2728 509 2770 aurio
518 2728 597 2770 suae
608 2715 830 2770 bertedicticnis
840 2715 928 2784 illm,
943 2715 985 2769 ad
998 2694 1123 2769 taudem
1133 2718 1162 2769 et
1172 2713 1309 2782 qloriam

10 2813 12 2838 ²
65 2811 212 2865 nominis
233 2812 361 2879 Christi,
382 2827 422 2867 eac
442 2814 565 2868 meritis
586 2816 691 2871 sancti
712 2815 765 2869 sui
785 2812 938 2883 liicbarii,
960 2814 1041 2882 quod
1061 2813 1181 2869 dicturi
1200 2826 1311 2867 sumus

11 2922 13 2929 ·
66 2910 200 2966 accidit.
213 2912 294 2966 Nam
308 2912 347 2967 ab
360 2914 501 2980 antiquis
514 2915 634 2970 sanctis
641 2914 791 2982 patribus
803 2917 930 2969 nostrae
936 2914 1120 2983 posteritati
1130 2925 1310 2968 concessum

64 3023 137 3068 esse
156 3010 302 3064 dommus
325 3015 362 3065 ut
381 3012 568 3081 quicumque
587 3026 663 3067 vera
684 3013 820 3068 scribere
840 3013 984 3079 voluerit,
1006 3027 1046 3066 ue
1066 3013 1185 3066 dubitet
1206 3015 1311 3066 uetera

68 3111 370 3178 eovqiuaqereuoeis.

102 3211 162 3263 Est
173 3209 252 3263 viiia
265 3210 299 3262 iu
305 3222 391 3278 paqo
403 3211 595 3278 Betriacensi,
611 3212 701 3279 caius
721 3211 903 3266 vocabulum
924 3215 970 3265 est
984 3210 1202 3278 civinocurtis,
1215 3223 1311 3276 quam

64 3313 202 3379 propter
214 3312 323 3364 viuum
332 3314 414 3378 quad
425 3312 470 3364 ibi
479 3311 609 3366 babebat
621 3313 764 3366 domnus·
773 3313 867 3366 abbas
879 3313 1020 3380 capetiit.
1029 3311 1160 3365 Paratis
1172 3322 1309 3376 veropro
1365 3330 1373 3348 ·
1386 3326 1452 3380 cod,

65 3423 162 3480 posse
183 3410 227 3463 rbi
246 3412 443 3479 necessariis,
459 3414 501 3465 tot
518 3412 679 3478 plaustris
696 3415 770 3479 quot
780 3412 1003 3467 conveniebant
1019 3411 1191 3476 conductis,
1204 3410 1308 3475 citius,
1350 3393 1470 3446 dunnuss·

11 3499 15 3571 ἱ,
70 3514 107 3564 ut
116 3511 236 3578 potua,
245 3510 352 3577 rediit,
364 3514 468 3564 tamen
475 3512 629 3578 plaustra
634 3515 766 3579 propter
779 3512 921 3566 timorem
930 3512 1144 3578 maliquorum
1156 3509 1313 3563 dimittere

11 3576 17 3681 l
70 3611 187 3676 uoluit,
211 3611 265 3663 sed
287 3623 357 3663 cum
379 3611 448 3664 sues
466 3611 659 3678 equestribus
682 3614 756 3666 artie
777 3612 837 3665 iter
857 3611 989 3679 sacietas,
1008 3611 1051 3664 ad
1068 3612 1210 3665 castrum
1231 3608 1310 3675 quod

71 3709 163 3764 item
184 3707 342 3763 mamerti
361 3711 494 3763 vocatia
509 3711 662 3776 pervenit.
676 3709 713 3763 Ia
734 3711 825 3776 cuius
845 3711 958 3764 deoetro
979 3711 1076 3763 tatere
1092 3711 1138 3762 est
1155 3708 1310 3775 quaedam

71 3810 260 3877 inportuna
272 3807 786 3874 valtispraebeusdesceudeutibus
796 3810 965 3862 admodum
970 3807 1310 3876 periculosumdescen·

68 3920 142 3960 sum
157 3924 166 3960 .·
179 3905 277 3970 bidus
297 3905 384 3958 euim
399 3906 584 3972 periculosa
605 3909 713 3959 vertera
733 3907 766 3959 iu
786 3906 910 3960 duabus
931 3906 1130 3960 descenditur
1147 3905 1216 3972 viis,
1236 3918 1310 3971 qaa-

24 4044 27 4049 ·
71 4018 211 4074 rumque
222 4017 278 4058 nec
298 4005 412 4058 metior
429 4003 564 4058 iadetus·
577 4006 778 4073 importunus
790 4009 861 4059 erat
873 4005 1116 4072 tamopcapati·
1128 4018 1148 4058 a
1165 4002 1312 4070 sufflami-
1374 4020 1450 4072 Ἤρ,

68 4106 173 4160 mous.
188 4103 388 4158 martenam
400 4103 556 4170 quaedam
570 4104 673 4157 trabes
685 4106 728 4158 ad
740 4105 936 4159 necessarios
948 4118 1025 4157 ustis
1037 4105 1171 4169 delatae,
1182 4105 1312 4169 quanter

67 4218 150 4273 quas
162 4203 278 4257 metior
290 4200 513 4256 decimabatur
524 4202 586 4269 via,
600 4214 681 4268 quae
691 4203 772 4257 satis
787 4204 879 4256 iter...
893 4202 1015 4269 (Reliqua
1031 4200 1243 4263 desiderentur).
