3082 5498
263 301 329 366 494
604 315 730 364 cirin.
751 314 853 364 conti.
874 310 1151 362 daemonnm.

264 482 482 552 deretinquere
504 485 582 548 nolo,
603 484 775 536 seeundum
788 482 904 536 dietum
923 479 1028 534 eeneii
1049 479 1214 548 evarmelii,
1227 480 1288 547 pul
1305 481 1355 532 ait
1366 486 1380 527 t
1392 498 1399 534 :
1412 482 1490 534 Dere-

265 582 370 651 linque
393 584 499 637 omnia
516 596 596 650 quoe
616 582 718 646 bobes,
737 586 767 635 et
785 582 865 649 veni,
886 593 1014 648 sequere
1033 593 1091 645 me,
1111 585 1141 633 et
1160 579 1208 633 ita
1227 580 1378 634 desidero
1390 580 1487 647 jupani

267 684 383 738 Christi
390 688 531 751 portare,
553 685 634 751 quod
651 682 829 736 ementibus
845 679 1024 736 doristomss
1047 684 1110 736 leve
1121 683 1176 735 est.
1188 681 1298 735 beinde
1320 681 1409 734 dixit:
1426 682 1487 734 licor

266 796 337 837 eum
348 786 453 837 uestra
467 781 687 838 connibentia¹¹
700 783 846 838 honorem
856 783 978 836 soeculi
989 796 1010 836 o
1023 796 1071 836 me
1083 781 1216 849 projeci,
1237 781 1393 860 etiterum
1411 780 1484 832 ntodo

261 885 437 949 pernostra
458 883 536 936 bono
557 882 850 936 volontatesociore
869 895 917 934 me
937 883 972 934 io
992 883 1101 934 sancio
1120 880 1202 935 ovile
1222 893 1300 934 cum
1321 877 1504 934 sacratum-t

266 994 334 1036 moa
346 981 368 1024 ¹⁰
379 982 519 1049 viraines
530 983 651 1045 noiomi
662 982 806 1036 absoluta
818 980 1008 1035 obornoibus
1016 980 1138 1034 saeculi
1150 978 1391 1046 tempestatibus
1401 978 1480 1031 vitent

265 1094 367 1136 meam
379 1083 540 1135 transeam
552 1084 581 1134 et
589 1094 649 1148 pro
661 1084 792 1149 peceato
809 1093 880 1134 meo
890 1079 912 1120 ¹¹
926 1081 1092 1146 plebeam,
1110 1081 1146 1131 ui
1163 1077 1356 1146 ubicumque
1367 1080 1479 1146 potuero
1518 1098 1522 1111 ·

264 1181 404 1248 reperire
424 1185 610 1235 sanctorum
629 1181 790 1248 virolinum
810 1180 866 1233 Dei
882 1179 1023 1245 eborum,
1042 1192 1113 1234 eum
1133 1179 1224 1246 eptae
1242 1177 1363 1231 rectius
1378 1176 1478 1244 possin

265 1283 554 1334 servoremondotn
575 1281 701 1335 Christi.

298 1379 329 1432 Β.
342 1380 350 1421 1
363 1379 487 1433 Audiens
497 1380 564 1433 baeu
577 1381 735 1446 patereris,
754 1379 845 1445 eoepit
858 1379 950 1432 mirari
972 1377 1040 1431 tanti
1062 1376 1132 1445 ignis
1151 1377 1262 1429 bomini
1276 1376 1306 1428 in
1319 1375 1387 1428 illa!
1398 1373 1476 1427 ardere
1489 1369 1509 1423 li

264 1480 337 1548 quod
350 1485 454 1532 tantum
468 1479 640 1532 desiderabat
661 1478 769 1531 cbristo
791 1480 906 1531 bomine
926 1478 1044 1544 plaeere,
1065 1478 1113 1542 qui
1135 1475 1267 1543 tangebat
1288 1487 1388 1529 areana
1404 1471 1476 1526 cordis

265 1582 334 1648 ejus.
347 1584 424 1633 Tune
436 1586 512 1645 paler
524 1581 585 1645 ejus
596 1579 790 1646 compungitur
803 1581 832 1631 in
845 1579 927 1631 eorde
939 1590 954 1630 a
967 1577 1075 1630 bomini
1087 1575 1244 1638 elementia,
1265 1575 1358 1640 coepit
1378 1573 1443 1636 dete,
1456 1575 1477 1622 et

263 1693 325 1731 euin
345 1685 417 1732 esset
426 1680 482 1744 jam
495 1692 591 1741 senex,
605 1678 640 1730 de
651 1691 735 1731 suave
747 1679 806 1744 ejus
818 1678 928 1744 eloquio
941 1681 969 1729 et
982 1676 1087 1728 visione
1097 1674 1111 1715 3
1123 1687 1189 1741 prae
1202 1674 1292 1726 nimio
1311 1672 1408 1741 gaudio
1418 1667 1475 1736 quod

262 1877 345 1944 Noli,
358 1876 441 1943 filio,
460 1877 527 1929 noli
539 1876 703 1930 ambulare
716 1877 750 1929 in
770 1867 936 1943 lonqinquo
954 1875 992 1928 de
1009 1875 1074 1928 loeo
1091 1873 1160 1927 iste
1178 1872 1236 1927 Sed
1254 1883 1311 1938 epo
1326 1871 1362 1922 in
1381 1865 1477 1924 christi
1487 1864 1507 1915 Β

262 1975 395 2041 nomine,
408 1978 440 2028 et
457 1975 556 2042 ipsios
567 1975 675 2042 pretio
683 1977 873 2042 protepente
891 1985 1038 2028 conservo
1062 1971 1292 2025 otonostert'um
1309 1964 1476 2024 coenobitis

264 2075 328 2128 loco
340 2074 570 2140 amoenissimo,
583 2073 636 2127 tobi
648 2077 793 2127 transeas
806 2072 904 2125 eitam
916 2074 1015 2124 iteam.
1029 2072 1092 2123 Erat
1101 2070 1176 2123 enim
1192 2069 1310 2135 parvula
1321 2066 1430 2121 eeclesia
1439 2062 1474 2116 bei

263 2173 292 2226 ln
304 2174 364 2226 loeo
376 2174 424 2240 qui
436 2175 586 2227 vocabatur
597 2176 609 2215 1
627 2173 779 2240 Troglares,
794 2177 821 2224 et
840 2173 904 2239 quia
917 2171 1129 2224 amoenissimus
1141 2170 1219 2222 loeus
1231 2173 1295 2221 erat
1302 2169 1324 2232 ⁵,
1343 2167 1390 2220 ubi
1401 2163 1476 2217 idest

264 2279 340 2339 pater
352 2274 411 2339 ejus
423 2274 584 2326 construivit
592 2278 717 2325 sanetum
730 2273 906 2334 coenobium,
919 2271 984 2337 quia
996 2271 1098 2323 ibidem
1112 2268 1231 2322 babebat
1243 2267 1306 2321 lona
1316 2261 1476 2333 possessionis

263 2384 329 2424 suae
337 2375 359 2424 ⁷.
374 2374 405 2423 El
417 2372 576 2425 oonsolabat
588 2385 648 2425 eam
664 2378 741 2437 pater
750 2373 809 2437 eius
822 2377 849 2423 et
861 2384 970 2435 semper
981 2370 1108 2423 hortabat
1119 2369 1152 2422 ut
1164 2369 1193 2420 in
1212 2367 1260 2420 liei
1270 2378 1285 2420 tt
1295 2378 1404 2432 semper
1412 2354 1508 2415 coni!

264 2473 341 2524 deret
353 2471 483 2536 pietaten,
495 2473 541 2540 qui
554 2486 633 2525 suum
646 2471 815 2526 desiderium
826 2471 859 2524 ad
881 2471 1033 2537 perfeetum
1054 2469 1177 2535 duceret,
1200 2468 1250 2534 qui
1271 2463 1366 2520 eamli
1384 2462 1476 2518 omnint

265 2571 372 2622 exulem
383 2570 417 2623 de
430 2573 539 2639 propria
552 2573 663 2638 regione
671 2570 696 2611 ¹¹
713 2584 768 2625 non
781 2569 949 2636 permisit12.
963 2573 1000 2625 Eo
1023 2571 1114 2636 itaque
1126 2567 1150 2611 ¹³
1161 2566 1262 2620 aneilla
1276 2566 1376 2619 Christi
1387 2562 1477 2630 pulsate

264 2669 362 2734 eoepit,
376 2676 405 2722 ut
418 2651 546 2723 reloe'iter
558 2671 666 2724 veniret
677 2670 711 2722 ad
724 2669 991 2722 desideratissimum
1006 2669 1096 2722 locum
1108 2663 1308 2735 Troglares143
1321 2662 1394 2731 qnod
1406 2668 1430 2714 et
1439 2660 1474 2718 ila,

264 2769 319 2819 beo
331 2769 515 2837 permittente,
526 2771 627 2822 laetum
640 2776 691 2833 est,
705 2771 769 2835 quia
782 2769 857 2823 omni
870 2769 1010 2822 eeleritate
1021 2767 1170 2834 dereliquit
1183 2767 1282 2820 domos
1300 2763 1429 2831 proprian
1439 2755 1474 2811 111

264 2864 359 2917 sedule
371 2875 509 2920 manserat
521 2882 584 2920 oum
596 2869 655 2920 viro
668 2880 728 2932 suo,
743 2873 770 2919 et
782 2880 891 2935 egressa
903 2880 966 2919 enm
976 2866 1146 2919 suisdetotis
1157 2876 1226 2932 quas
1235 2862 1261 2904 ¹5
1270 2864 1328 2930 jam
1340 2848 1508 2914 babebetetl

262 2974 325 3014 eum
335 2965 420 3017 ebore
433 2966 617 3030 psallentium,
631 2966 738 3018 Christo
756 2966 870 3018 bomino
883 2965 954 3017 duee
967 2965 1001 3017 ad
1013 2964 1201 3017 desideratum
1211 2963 1305 3015 locum
1317 2946 1474 3025 ‘lrogiares¹⁶
1540 3025 1541 3048 Χ

263 3063 393 3127 accessit3
412 3077 492 3129 quem
514 3072 590 3130 pater
604 3066 663 3130 eius
683 3078 745 3116 oum
769 3065 852 3116 nimia
873 3064 1027 3116 bumilitate
1047 3063 1177 3129 suscepit.
1199 3062 1334 3114 Dominus
1351 3069 1422 3118 tero,
1439 3049 1474 3118 titii
1540 3052 1541 3094 1

264 3160 345 3213 iidem
355 3169 382 3213 et
391 3166 571 3216 constantiam
582 3164 697 3216 ancillae
707 3177 772 3217 suae
783 3164 924 3230 praeridit,
933 3163 1117 3230 praepositum
1127 3161 1151 3201 ¹¹
1162 3163 1281 3227 ejusque
1288 3159 1312 3200 tt
1323 3159 1421 3212 bonum
1430 3161 1475 3218 ¹²¹·
1539 3184 1541 3261 2

263 3260 340 3313 duxit
351 3260 384 3313 ad
397 3263 471 3328 qnod
484 3263 659 3316 desiderabat
671 3265 762 3316 anima
775 3265 844 3329 ejtts.
859 3265 926 3316 Cum
944 3269 1037 3316 autem
1054 3261 1153 3317 aneilla
1174 3261 1220 3313 liei
1239 3261 1269 3312 in
1285 3271 1367 3324 saepe
1391 3254 1475 3308 bienni
1539 3282 1541 3308 l

261 3360 351 3411 locum
360 3361 480 3429 ingressa
493 3364 587 3415 luisset
596 3376 659 3415 oum
669 3364 814 3416 soeiissuis
823 3361 855 3426 ¹9,
868 3364 906 3415 sie
915 3362 1018 3415 ibidem
1032 3360 1090 3412 lixit
1103 3365 1194 3414 mente
1207 3366 1234 3412 et
1246 3370 1363 3424 corpore
1374 3340 1503 3422 qualiter!

263 3459 366 3513 llbrislo
378 3462 490 3514 bomine
499 3461 553 3513 lide
562 3469 634 3514 reeta
645 3467 672 3513 et
684 3470 776 3514 mente
785 3460 915 3515 devote-‘⁰
925 3461 1061 3513 diebusae
1072 3459 1199 3513 noctibus
1209 3459 1326 3511 serviret
1332 3455 1356 3496 ²¹
1369 3453 1475 3516 etibiqut

264 3559 328 3610 solis
339 3560 509 3612 orationibus
518 3559 550 3625 2¹,
562 3561 670 3626 vigiliis,
681 3561 794 3626 jejuniis
807 3567 832 3613 et
844 3560 1009 3627 elemosynis
1021 3572 1118 3611 vacare
1131 3559 1223 3624 eoepit
1235 3564 1264 3611 et
1275 3557 1362 3610 ardua
1382 3546 1474 3606 nertii·

264 3659 370 3711 datione
380 3658 405 3699 m
416 3662 444 3712 in
457 3675 506 3713 sno
519 3675 633 3726 torpore
647 3662 736 3727 eoepit
748 3672 886 3724 exercere,
900 3668 926 3714 et
938 3661 1117 3726 omniumque
1127 3657 1152 3698 tt
1164 3664 1325 3711 sanctorum
1339 3655 1418 3708 vitam
1431 3647 1474 3702 imi·
1540 3659 1541 3664 ’

262 3756 354 3822 tando,
368 3759 529 3824 eunetisque
542 3758 669 3811 lidelibus
682 3760 785 3811 bonum
806 3759 961 3823 exemplum
984 3757 1085 3810 ibidem
1107 3756 1320 3819 demonstravit.
1341 3755 1475 3818 britann

263 3964 319 4004 —7
332 3964 368 4030 (q.
382 3965 419 4026 a.)
438 3965 511 4030 quod
529 3965 594 4017 dicit
614 3967 638 4016 Ξ.
653 3964 784 4017 -8eum
803 3967 827 4017 Ξ,
849 3963 906 4005 -9
921 3963 1110 4018 convenientia
1131 3964 1156 4014 2.
1179 3989 1211 4000 -
1225 3962 1250 4005 10
1263 3962 1310 4015 liei
1332 3961 1403 4015 add.
1422 3961 1477 4011 ie
1539 3887 1541 4037 1

265 4045 285 4086 ¹¹
298 4047 334 4110 (p.
348 4047 396 4108 m.)
410 4059 445 4096 m.
460 4061 485 4111 p.
500 4048 524 4099 Ξ.

294 4128 386 4178 Num.
401 4126 470 4178 8.-
484 4127 491 4166 ¹
507 4130 526 4176 V
538 4128 609 4181 odd.
620 4132 677 4181 l.-
688 4128 702 4167 t
714 4132 787 4182 illam
800 4134 825 4183 Ξ.
838 4129 893 4171 -3
906 4131 1040 4182 visionem
1052 4125 1137 4180 2.-4
1148 4127 1187 4192 (q.
1201 4127 1240 4189 v.)
1249 4127 1298 4179 ubi
1311 4130 1421 4178 vocatur
1430 4126 1480 4175 t-

262 4210 328 4262 test
342 4212 365 4260 b.
380 4238 412 4246 —-
424 4210 437 4251 ¹¹
449 4213 488 4275 (u.
502 4212 538 4275 e.)
561 4211 660 4263 ibidem
683 4215 707 4265 b.
722 4213 776 4253 -t
790 4215 817 4278 (i,
833 4215 860 4266 b.
874 4214 893 4265 l.
909 4229 934 4279 p.
949 4213 983 4276 s.)
996 4213 1013 4264 l.
1029 4227 1055 4276 p.
1070 4225 1093 4262 s.
1109 4211 1126 4261 i.
1140 4209 1169 4260 b.
1182 4211 1207 4260 ἓ.
1233 4207 1293 4250 -S
1309 4209 1481 4262 bonfinii.-

261 4289 275 4329 9
288 4292 414 4355 pietatem
427 4296 453 4346 2.
466 4322 498 4331 —
512 4293 534 4333 ¹0
545 4301 581 4361 (q.
596 4301 632 4357 e.)
647 4298 710 4360 quia
724 4299 749 4349 i.
759 4326 792 4334 —
808 4297 829 4337 ¹¹
846 4298 985 4361 regionem
997 4298 1023 4363 2„
1036 4323 1068 4332 -
1081 4292 1105 4333 ¹²
1117 4293 1193 4346 exire
1204 4293 1280 4345 add.
1297 4295 1323 4346 Ξ.
1338 4323 1370 4332 -
1384 4290 1482 4359 ¹³igimr

264 4374 288 4424 b.
301 4401 334 4411 —
346 4373 369 4413 ¹¹
382 4376 517 4441 Trogiaris
531 4380 554 4428 b.
568 4406 601 4415 -
616 4376 718 4444 15(μιοε
731 4382 756 4432 ⁶2.
771 4410 802 4418 —
816 4380 840 4424 16
862 4380 997 4447 Troglaris
1011 4381 1035 4430 b.
1049 4405 1082 4414 -
1096 4375 1117 4415 11
1138 4377 1313 4441 propositum
1327 4380 1355 4430 2.
1370 4407 1397 4415 —
1411 4375 1484 4440 ¹⁸ttlle

263 4466 321 4507 om.
342 4457 366 4506 i.
391 4484 423 4492 -
437 4455 502 4522 ¹9ls.
521 4464 554 4516 s.)
576 4461 632 4512 suis
645 4475 700 4513 soe.
726 4465 752 4514 2.
774 4491 807 4500 —
829 4461 925 4516 ²⁰om.
938 4463 963 4512 b.
983 4458 1057 4499 -2'1
1080 4457 1325 4523 (serviret-orat.)
1347 4472 1406 4514 ont.
1424 4462 1446 4513 Ξ.
1462 4480 1485 4494 -

265 4535 289 4576 ¹2
301 4537 537 4592 mortificationem
551 4543 576 4592 b.
593 4567 621 4578 -
633 4542 658 4584 2³
671 4546 882 4611 omniorumque
905 4548 929 4598 Ξ.
