3082 5498
364 336 455 386 aran.
473 335 557 385 nar.
577 336 693 386 ranrs.
712 354 758 366 -
773 334 856 384 oon.¹
872 331 963 384 11757.
1169 364 1180 395 .
1237 320 1281 387 69

173 507 210 585 e
235 507 367 585 Passio
386 506 507 584 sance
538 505 691 600 renas,
710 505 909 582 Fortunati
942 514 980 583 et
999 497 1162 581 nonina
1193 463 1278 583 dia-

194 654 399 727 sonorum,
420 629 561 708 eodem
581 629 645 707 die
662 629 738 729 (iol.
762 627 930 729 tili-ili).

87 760 131 813 lid.
147 764 221 826 iord,
234 764 268 818 ad
281 764 310 817 d.
323 768 357 818 23
374 764 473 830 April..
487 769 552 816 torn.
576 765 623 828 ΙΙΙ,
636 779 663 829 p.
676 765 785 816 98-100.
801 766 856 816 om.
872 763 979 815 initium
994 775 1069 814 nam.
1086 763 1113 813 ΙΙ
1137 776 1226 829 usque
1242 762 1277 816 ad

55 860 131 913 rerba
151 866 191 918 tu
202 877 273 918 cero
284 865 315 917 si
326 864 463 918 volucris
476 863 510 916 iu
522 876 592 916 eum
605 864 740 916 credere.

150 965 186 1039 7⁰
216 963 300 1040 Vita
327 962 450 1041 sancti
469 961 627 1039 Roberti
645 961 811 1062 [abbatis
842 959 958 1041 Casae
980 960 1075 1061 Deil,
1096 963 1207 1061 cujus
1224 962 1279 1039 le-

195 1096 299 1165 stum
318 1086 461 1165 colitur
477 1111 521 1162 nr
540 1085 725 1164 kalendas
743 1087 836 1163 maii
854 1086 930 1182 (fol.
952 1083 1116 1185 “ili-tif).

86 1218 198 1273 Auctore
212 1219 352 1285 nariodo,
365 1220 409 1273 ed.
424 1219 503 1285 inid,
516 1221 549 1273 ad
564 1221 590 1273 d.
605 1222 638 1272 ti
650 1220 747 1285 April,
760 1234 788 1286 p.
802 1221 907 1273 atr-aa.

147 1317 184 1393 8⁰
214 1317 347 1396 Passio
364 1319 485 1396 sancti
505 1317 620 1395 llarci
645 1317 913 1418 evangelistae,
934 1318 1045 1416 cnjus
1062 1315 1189 1394 natale
1221 1326 1280 1396 est

196 1467 250 1519 vn
268 1442 454 1520 kalendas
472 1443 565 1519 maii
586 1443 665 1525 (fol.
688 1441 877 1540 ΙΙΙ-ΙΙΙ*

85 1571 188 1626 Nurum.
203 1578 214 1628 Ι
229 1582 255 1627 et
267 1575 283 1626 2
296 1581 326 1627 ut
339 1575 367 1627 in
380 1575 440 1628 cod.
465 1577 545 1627 Brnx.
558 1576 626 1628 oste
638 1574 716 1637 (Cat.
730 1576 843 1628 Brua..
857 1578 921 1626 tom.
936 1574 957 1639 l,
971 1586 996 1638 p.
1010 1573 1069 1638 522,
1083 1575 1146 1638 2¹⁰).
1163 1573 1280 1640 Insuper

53 1666 94 1721 hic
105 1671 133 1725 in
145 1675 202 1728 cod.
218 1675 322 1741 prolixe
335 1680 462 1728 enarrata
474 1684 515 1728 est
527 1676 649 1742 angelica
662 1675 708 1728 ilia
722 1675 837 1729 visitatio
851 1688 922 1742 quae
931 1675 959 1726 in
972 1675 1016 1728 ed.
1031 1676 1149 1729 retertur
1162 1690 1237 1729 num.
1250 1678 1277 1729 8.

146 1772 183 1849 9ο
207 1773 294 1850 Vita
311 1774 433 1852 sancti
448 1775 618 1851 Richarii
633 1774 879 1864 confessoris,
901 1777 1011 1874 cnjus
1026 1774 1169 1853 festam
1183 1773 1277 1854 coli·

194 1907 257 1976 tur
274 1922 310 1974 vr
330 1897 515 1977 kalendas
529 1899 621 1974 maii
641 1898 720 1984 (fol.
742 1897 908 1998 ΙΙΙ-ΙΙΙ.

89 2028 194 2084 incure
205 2031 330 2096 alcuino,
341 2031 385 2085 ed.
399 2032 463 2085 Act.
476 2032 534 2091 Si,
546 2031 580 2083 ad
594 2030 621 2083 d.
635 2033 668 2084 26
680 2031 776 2097 Appii,
790 2035 854 2085 torn.
871 2032 923 2097 lli,
937 2046 965 2098 p.
983 2034 1091 2085 cor-to.
1106 2033 1193 2084 0m1n.
1214 2044 1278 2098 pro·

63 2121 131 2194 lopus
147 2136 170 2182 et
180 2130 275 2182 ultima
298 2131 406 2196 phrasis
427 2143 503 2183 nurn.
520 2132 550 2182 Ιὸ
569 2129 720 2195 (Quadam
740 2131 925 2197 tempore...).
942 2133 992 2183 Pro
1005 2144 1109 2183 nunrnr.
1125 2131 1165 2194 iti,
1189 2133 1229 2198 ΙΙ,
1243 2131 1278 2184 ita

69 2225 139 2280 rod:

99 2326 182 2383 Atium
204 2330 270 2395 eius
288 2330 434 2383 virtutem
451 2324 657 2397 copuoo'r'mus,
671 2342 765 2396 quam
784 2331 814 2382 et
832 2329 866 2381 iu
889 2329 1014 2382 laudem
1035 2330 1159 2383 Domini
1173 2331 1278 2386 dicere

79 2427 199 2492 cupimus.
215 2431 325 2484 Clades
344 2430 487 2498 malipua
501 2442 581 2496 puae
600 2429 716 2483 circuit
727 2433 854 2495 terrum,
868 2442 949 2496 quae
969 2431 1084 2484 multos
1095 2430 1226 2497 perimit
1247 2434 1278 2485 et

82 2535 172 2595 mucor,
189 2543 262 2597 quos
278 2508 390 2597 taupit,
403 2529 562 2596 relinquit,
576 2530 605 2581 et
623 2529 726 2595 ipsam
739 2529 869 2595 piapam
889 2530 1000 2582 vacam
1009 2531 1205 2596 paaucolum
1221 2543 1276 2584 seu

86 2633 196 2682 torma
207 2631 336 2694 tacerta,
348 2642 420 2683 cum
428 2629 579 2694 civitates,
585 2631 708 2696 portus,
720 2627 870 2699 repioues,
880 2641 977 2695 repua
987 2629 1126 2696 midique
1134 2631 1164 2682 et
1174 2631 1277 2684 terras

88 2722 230 2795 reliquitur
253 2728 381 2782 centulo
394 2728 470 2794 vico,
483 2728 538 2780 ubi
547 2730 676 2781 sauctus
697 2726 864 2782 lticltarius
882 2727 1056 2796 requiescit,
1070 2741 1169 2782 uuum
1185 2726 1279 2797 esra·

88 2822 157 2879 tator
163 2831 321 2899 percussit.
336 2831 374 2883 Et
386 2830 495 2883 taliter
507 2829 540 2881 iu
553 2828 717 2882 hisdiebus
730 2832 812 2894 erat,
822 2832 859 2882 ut
870 2831 908 2883 de
919 2843 953 2883 eo
967 2832 1032 2884 loco
1044 2830 1097 2882 ubi
1108 2830 1280 2898 apparebat

90 2931 159 2978 tanes
168 2929 205 2980 ad
215 2930 282 2982 otia
297 2931 365 2983 ioca
383 2929 528 2996 supererit
548 2932 606 2982 aut
616 2929 742 2982 ornniuo
755 2932 884 2981 mortem
905 2942 967 2982 uon
979 2931 1153 2983 evaderent.
1168 2932 1281 2984 Frater

88 3031 136 3085 tiro
145 3026 197 3092 itte,
208 3043 298 3095 quem
310 3010 408 3096 supra
422 3030 572 3096 ditm'mus,
586 3032 615 3081 ct
626 3030 720 3082 martti
729 3030 789 3082 alii
800 3031 907 3082 cadem
919 3031 1016 3097 plapa
1030 3031 1116 3095 tacti,
1130 3043 1194 3083 uria
1206 3043 1278 3083 cum

10 3128 12 3133 ·
89 3117 202 3181 trotriiru
226 3129 336 3183 ceteris
366 3131 544 3196 sepulcrum
574 3133 719 3183 saucium
742 3130 940 3195 appetierant
958 3133 987 3182 et
1009 3131 1048 3182 de
1070 3131 1154 3183 claui
1177 3131 1279 3183 suncti

89 3216 193 3279 iiiclarii
204 3229 291 3293 cocti,
301 3243 362 3295 per
374 3229 500 3281 Domini
507 3230 680 3295 potentiam
694 3232 724 3282 et
734 3230 847 3282 merita
861 3229 965 3282 saucii
976 3229 1044 3293 ejus
1056 3242 1160 3282 omnes
1172 3229 1280 3283 sauata·

86 3321 142 3370 tuat.

110 3416 215 3489 Cumque
227 3426 266 3478 de
278 3425 337 3479 hac
351 3426 414 3478 vita
428 3426 494 3492 ipse
505 3439 615 3478 servus
629 3428 684 3479 Dei
696 3427 864 3493 miprasret
875 3430 904 3479 et
917 3428 950 3479 iu
961 3425 1079 3493 feretro
1091 3425 1279 3494 compositus

78 3515 129 3575 i'aru
146 3522 171 3575 ia
192 3525 256 3593 ipso
278 3525 405 3593 tapurio
419 3527 551 3592 jaceret,
573 3540 643 3580 cum
665 3526 776 3579 ibidem
798 3527 993 3593 coartpetium
1016 3527 1180 3593 teporatur,
1202 3539 1278 3579 suus

79 3621 220 3689 ttautpuia,
246 3626 301 3691 qui
326 3629 531 3692 remanserat,
550 3640 659 3693 sopore
671 3627 845 3694 depressus,
860 3628 1009 3680 visionem
1028 3629 1123 3679 tatem
1144 3626 1274 3679 videdat.

76 3714 205 3775 Narrabat
224 3725 309 3776 euim
331 3725 364 3775 iu
387 3725 470 3777 huuc
490 3727 736 3793 modumquasi
758 3727 886 3779 vidisset
907 3727 1067 3779 domiuum
1090 3725 1276 3780 Richarium

73 3816 155 3873 airum
167 3823 198 3874 ia
209 3824 285 3875 aula
298 3823 485 3891 spilleudida
497 3827 526 3877 et
535 3827 628 3892 quasi
639 3839 740 3879 aurea
753 3829 782 3878 et
791 3825 921 3892 permm's
933 3829 1097 3890 emunata,
1109 3826 1278 3880 lucentiore

68 3917 127 3978 sole,
139 3921 322 3976 habitantem
335 3927 365 3975 et
375 3926 584 3990 loquentemer'
598 3944 603 3978 :
621 3946 630 3974 a
644 3929 756 3979 Frater
765 3926 941 3992 Sipooarae,
955 3929 1074 3979 aratam
1084 3925 1277 3978 mansionem

61 4017 208 4073 habuimus
229 4023 266 4074 dc
287 4020 385 4088 sumo,
399 4024 487 4076 niodo
502 4038 565 4076 nau
583 4028 668 4078 >aocet
690 4023 834 4091 forratis.»
858 4027 933 4079 Ecce
944 4026 999 4092 qui
1018 4024 1127 4077 habuit
1144 4037 1204 4092 pro
1217 4026 1277 4077 Deo

57 4117 272 4186 minuitatem,
282 4124 492 4188 praeparauit
506 4124 556 4175 iili
568 4126 647 4177 Deus
660 4126 849 4193 claritatem,
862 4128 891 4177 et
898 4138 959 4191 pro
978 4124 1103 4192 fumosa
1116 4125 1278 4177 maturiore

49 4222 259 4277 clarissimam
272 4223 517 4290 retributionem,
532 4225 586 4277 ulti
590 4227 674 4291 justi
687 4224 853 4293 fuipelmut
865 4227 946 4279 sicut
958 4227 1006 4278 sol
1019 4226 1052 4277 tro
1064 4238 1161 4291 reparo
1168 4225 1278 4292 patris

45 4334 152 4377 eorum
165 4339 173 4373 .·
184 4322 237 4373 cai
250 4324 443 4388 estpotestate
455 4326 483 4375 et
495 4325 599 4388 picria
615 4326 646 4375 ia
658 4326 786 4377 saecuta
798 4328 1005 4378 saeculorum.
1019 4326 1123 4378 Ataeo.

149 4419 206 4495 ΙΙ)0
235 4421 365 4499 Passio
396 4423 519 4500 sancti
537 4422 670 4501 Vitalis
702 4425 895 4524 martyris,
918 4426 1027 4523 cnjus
1059 4423 1185 4500 natale
1216 4431 1274 4500 est

192 4571 249 4621 1111
269 4547 455 4624 kalendas
474 4548 565 4622 maii
585 4547 665 4639 (i'ol.
687 4547 852 4647 ills-idi).

71 4680 125 4733 fal.
139 4693 183 4745 ap.
197 4681 390 4746 ltombritinrm
405 4685 469 4734 torn.
483 4683 515 4747 tl,
529 4682 577 4734 iol.
591 4685 679 4736 iliter.
