3076 5498
208 322 274 388 425
557 336 685 387 caran.
704 340 808 390 cono.
825 340 998 389 naamon.
1020 341 1086 389 nur

207 510 375 579 cruciatibus
385 509 495 561 attrivit.
510 512 580 562 ilaec
589 509 682 562 omnia
696 509 787 563 divina
801 511 869 563 ultio
882 511 1014 576 exercuit,
1028 523 1109 575 quae,
1121 511 1198 576 iuxta
1220 506 1387 576 cujusdaniu·

207 607 303 658 tissimi
316 607 366 659 viri
379 609 551 673 sententiam,
566 614 668 673 quanto
683 607 786 659 tardius
808 608 897 671 irruit,
919 612 996 659 tanto
1013 608 1206 659 vehementius
1227 608 1308 673 punit.
1321 609 1389 658 tutaret

206 706 325 759 salensis
338 707 420 758 castri
432 707 554 772 eeclesia,
566 708 700 759 nobilium
719 713 883 772 procurante
901 707 1032 773 sollertia,
1053 707 1081 758 in
1100 707 1199 759 melius
1212 707 1299 759 iuerat
1309 700 1390 757 rcatlii·

207 812 265 858 cata
282 819 383 871 :quani
396 806 587 859 sanctissimus
600 812 678 872 pater
699 820 786 872 usque
809 807 838 857 in
861 813 1032 872 praesentem
1054 805 1126 859 diem
1147 812 1176 858 et
1193 807 1252 858 suis
1265 805 1390 858 membrisct

207 903 324 956 assiduis
344 904 471 956 laetificat
492 905 641 958 miraculis.
660 906 699 957 bb
720 918 802 971 quam
822 918 932 958 causam
957 905 1072 970 permoti
1093 904 1189 957 affines
1212 905 1286 956 illius
1304 896 1408 970 regiensi

206 1014 353 1055 commuue
364 1004 510 1056 consilium
524 1005 620 1056 ineunt
632 1010 662 1056 ut
679 1003 712 1056 ad
732 1005 807 1057 illam
825 1018 873 1056 sua
891 1011 953 1057 vota
973 1004 1091 1056 oblaturi
1109 1005 1239 1056 venirent
1252 1002 1393 1071 etgloriosut

207 1109 387 1168 exposcerent
398 1105 594 1167 consessorem,
608 1105 739 1170 quatinus
751 1103 825 1156 illius
837 1104 881 1169 pio
895 1103 1049 1156 interventu
1070 1117 1167 1156 eorum
1183 1104 1312 1156 bominus
1321 1102 1393 1152 misere

207 1210 282 1255 retur
295 1210 321 1254 et
334 1203 368 1255 ab
382 1202 536 1255 imminenti
549 1204 627 1256 clade
646 1203 762 1256 liberare
774 1202 944 1270 dignaretur.
964 1205 1034 1255 Sane
1052 1207 1118 1255 tunc
1137 1203 1271 1269 temporis
1287 1198 1394 1254 curailiu

207 1301 259 1355 loci
272 1301 380 1354 cuidam
399 1302 544 1354 commissa
558 1308 616 1354 erat
632 1302 782 1354 venerabili
800 1303 859 1355 viro
872 1302 984 1354 nomine
1003 1301 1168 1366 isemberto,
1183 1302 1232 1368 qui
1245 1303 1280 1355 ob
1292 1298 1394 1365 regnier

205 1400 281 1452 lestis
292 1399 390 1467 gaudia
413 1400 509 1453 mundi
523 1402 636 1453 latores
650 1407 789 1466 spreverat
802 1414 832 1453 ac
846 1402 967 1454 babitum
982 1400 1152 1454 monasticae
1164 1402 1304 1468 religionis
1314 1387 1419 1458 naupli

205 1502 287 1552 serat.
297 1500 347 1563 Qui
361 1498 474 1565 quidem
487 1500 579 1553 animo
592 1513 737 1566 percussus
748 1506 839 1553 tantae
853 1500 1037 1553 multitudinis
1048 1501 1210 1567 gemitibus,
1221 1500 1269 1553 ubi
1282 1490 1395 1564 hujusmodi

205 1603 310 1663 pestem
323 1599 472 1652 ferventius
485 1601 593 1652 saevire
614 1600 727 1663 audivit,
747 1600 811 1652 illuc
829 1612 977 1665 properare
993 1612 1055 1652 curn
1069 1604 1229 1652 sanctorum
1244 1595 1354 1664 reliquiis
1361 1603 1393 1646 ntt

204 1697 319 1750 distulit.
333 1700 408 1763 Nam,
421 1703 452 1751 ut
464 1697 612 1763 credimus,
626 1698 718 1751 divino
732 1702 800 1750 nutu
818 1699 861 1751 vel
879 1699 1016 1751 instinctu
1034 1698 1152 1763 pignora
1165 1697 1236 1750 tanti
1249 1697 1320 1749 ducis
1330 1695 1394 1746 lectt

205 1798 320 1862 imponit
333 1805 434 1849 etcum
455 1801 561 1849 caterva
582 1799 663 1850 totius
683 1799 776 1863 populi
799 1799 971 1850 Lemovicam
993 1796 1080 1850 tendit
1098 1797 1132 1848 ad
1151 1797 1261 1855 urbem.
1273 1795 1394 1861 quoborttt

204 1896 323 1950 duorum
336 1898 464 1962 precibus
476 1904 633 1961 procerum,
645 1897 749 1949 scilieet
760 1896 928 1949 sanctissimi
948 1896 1112 1962 legislatoris
1124 1891 1265 1949 Benedicti
1277 1878 1416 1961 gloriosissi!

206 1996 298 2061 mique
312 1996 454 2061 biarcialis,
469 2000 706 2062 consequerentur
718 1995 821 2047 donum
837 1994 1041 2048 misericordiae
1061 1995 1117 2046 bei.
1134 1997 1203 2047 bum
1223 1992 1345 2060 siquiden
1355 1997 1392 2039 cttt

207 2095 325 2147 maximo
336 2095 424 2161 plebis
436 2094 555 2160 tripudio
569 2096 619 2147 iter
632 2102 803 2161 peragerent,
818 2095 925 2148 obviam
946 2094 1047 2146 babent
1064 2092 1205 2160 quandam
1218 2093 1345 2146 mulierem
1355 2096 1392 2138 nct-

205 2195 245 2247 vis
258 2195 443 2247 membrorum
456 2195 599 2260 perditam.
615 2197 687 2258 Quae
701 2195 787 2259 posita
801 2195 829 2246 in
842 2194 959 2260 quadam
970 2193 1085 2247 ecclesia
1100 2195 1127 2245 in
1144 2195 1252 2246 bonore
1265 2189 1339 2245 sancti
1349 2183 1390 2238 ttttr

206 2293 240 2344 rii
252 2293 348 2353 dicata,
362 2293 408 2345 ubi
423 2294 622 2345 transeuntium
636 2293 806 2355 tumul[t]um
819 2293 952 2358 comperit
965 2298 991 2343 et
1003 2291 1123 2345 loculum
1141 2292 1208 2343 tanti
1225 2288 1323 2357 patroni
1332 2285 1390 2345 insp-

206 2391 253 2456 xit,
266 2404 399 2444 conversa
412 2392 440 2443 in
454 2391 582 2457 lacrimis,
595 2404 658 2444 cum
671 2392 784 2443 vocibus
796 2392 858 2456 piae
872 2391 1011 2456 petitionis
1030 2391 1069 2442 sic
1081 2391 1119 2443 ait
1132 2411 1137 2439 :
1152 2390 1222 2454 Eia,
1235 2366 1413 2441 ramosam!

205 2491 377 2558 Benedictc,
391 2491 481 2557 qrcale
500 2491 656 2556 gaudium
672 2489 745 2544 baie
764 2491 879 2543 inesset
904 2490 1049 2555 miserae,
1067 2491 1097 2541 si
1116 2492 1168 2542 tuo
1188 2487 1296 2541 theeri
1311 2475 1389 2537 mett

205 2591 425 2656 quoquomodo
446 2590 612 2651 interesse‚·
634 2592 847 2642 caerrtmtamcn
870 2589 1030 2656 quoniam,
1054 2588 1103 2641 uti
1123 2588 1231 2641 aniano
1246 2573 1389 2640 desideret

205 2691 442 2758 voceprofiteor,
457 2702 584 2755 corpore
596 2703 660 2742 bort
671 2691 768 2757 valed,
784 2692 812 2742 te
833 2691 940 2742 testem
961 2688 1067 2750 babeo.
1081 2690 1204 2754 Cumque
1218 2687 1316 2740 crebris
1326 2672 1389 2743 situi

205 2791 277 2842 tibus
290 2789 385 2843 eadem
399 2795 537 2855 repeteret
549 2790 641 2852 verba,
654 2790 689 2840 ab
705 2789 816 2841 instanti
835 2789 992 2841 intirmitatc
1010 2788 1073 2841 ilico
1092 2802 1141 2854 per
1158 2788 1256 2841 Christi
1268 2774 1388 2853 gratiane*

206 2889 329 2953 liberata,
341 2895 368 2941 et
380 2889 507 2952 exiliens,
521 2886 588 2940 acsi
603 2888 705 2941 nullam
719 2888 813 2940 luisset
825 2887 1012 2941 intirmitatem
1026 2900 1165 2954 perpessa,
1180 2886 1320 2952 improvise
1329 2860 1412 2932 bedf

205 2989 239 3040 rit
252 2987 425 3053 laetabunda,
440 2994 541 3040 etcum
554 2988 658 3055 ingenti
671 2988 794 3040 omnium
806 2987 987 3040 admiratione
999 2993 1139 3040 auctorem
1149 2987 1245 3039 salutis
1254 2972 1388 3041 suaerrtttls

204 3089 295 3152 coepit
306 3088 417 3140 vocibus
429 3086 596 3139 collaudare.

238 3187 288 3239 10.
308 3189 353 3239 llis
366 3188 417 3239 sub
435 3193 596 3239 cunctorum
618 3187 705 3240 oculis
727 3189 780 3238 beo
802 3187 913 3239 favente
936 3186 1067 3252 peractis,
1090 3191 1216 3251 coeptam
1240 3177 1389 3251 aggredientis

205 3287 286 3338 viam.
306 3286 357 3338 Sed
378 3287 435 3351 jam
459 3284 560 3336 del'essi
583 3285 676 3337 labore
697 3291 724 3337 et
742 3285 886 3349 intercepti
909 3283 1067 3336 advenienti
1088 3289 1182 3346 nocte,-
1198 3284 1274 3348 juxta
1294 3271 1388 3346 quantist

206 3387 328 3447 flurium,
342 3385 388 3450 qui
401 3385 518 3436 Semeris
536 3382 646 3449 dicitur,
661 3383 733 3435 baud
757 3384 836 3451 longe
857 3396 872 3434 a
893 3383 1070 3448 pronuntiato
1083 3389 1185 3442 castro,
1199 3394 1261 3434 eum
1273 3352 1412 3431 aurbum*

204 3487 327 3552 reliqniis
340 3485 476 3537 resedere.
490 3485 615 3536 Pervolat
632 3484 740 3535 interim
754 3461 835 3548 larua,
855 3489 958 3548 patrem
977 3483 1157 3535 benedictum
1170 3487 1260 3548 partes
1272 3466 1389 3531 transireti

204 3586 273 3638 illas.
296 3586 470 3637 Conveniunt
490 3583 683 3649 undecumque
704 3596 786 3634 senes
805 3597 867 3655 curn
886 3583 1053 3648 junioribus,
1076 3582 1168 3634 omnis
1191 3589 1265 3633 aetas
1287 3573 1389 3633 cnudi

203 3699 295 3751 sexus,
310 3698 341 3737 ac
354 3686 399 3736 bei
410 3684 544 3736 famulum
558 3684 685 3749 tnagtnlis
703 3682 837 3735 extollunt
857 3682 993 3734 laudibus.
1014 3684 1102 3748 Auget
1121 3680 1292 3735 devotionem
1309 3682 1331 3729 et
1343 3674 1389 3733 si*m

202 3784 324 3849 ipsorum
337 3788 500 3848 praepotens
513 3782 634 3834 ostensio
648 3782 853 3834 miraculorum.
868 3783 932 3833 Nam
947 3781 998 3833 sub
1015 3781 1199 3846 intempestae
1215 3779 1309 3847 quietis
1319 3763 1389 3827 utenti

202 3896 231 3935 tx
243 3897 258 3935 a
270 3881 426 3947 supradicta
438 3880 516 3932 clade
529 3880 584 3931 illic
597 3881 704 3932 liberati
728 3887 792 3933 sunt
805 3893 853 3946 per
866 3881 1091 3932 intercessionem
1104 3878 1296 3947 gloriosissimi
1311 3848 1413 3926 corriti·⁸

203 3985 281 4036 soris.
301 3987 469 4035 lucescente
492 3982 574 4032 etiarn
597 3981 652 4032 diei
679 3993 778 4034 aurora
807 3981 861 4033 duo
883 3979 1063 4033 nibilominus
1082 3979 1204 4044 pueruli,
1227 3975 1306 4030 simili
1327 3964 1389 4023 morit

202 4082 313 4145 astricti,
337 4081 468 4146 pristinae
489 4080 597 4131 sanitati
618 4086 681 4131 sunt
703 4077 813 4141 redditi,
835 4079 881 4144 qui
904 4078 986 4130 etiarn
1010 4067 1175 4129 intimabant
1196 4077 1252 4128 suis
1271 4064 1389 4140 paretttillus

202 4181 296 4234 videre
309 4194 338 4232 sc
351 4181 438 4233 virum
452 4180 523 4231 nivei
538 4179 637 4241 vultus,
660 4180 705 4244 qui
724 4176 894 4231 attrectando
912 4176 1082 4253 singulorum
1103 4175 1283 4237 infirmitates,
1305 4165 1389 4224 omittim

203 4296 315 4335 suorum
329 4281 514 4333 membrorum
527 4279 637 4332 dolores
647 4293 695 4345 per
704 4283 839 4331 extremos
851 4279 952 4344 pedum
961 4277 1091 4330 articulos
1101 4275 1221 4342 quadam
1230 4275 1316 4326 divina
1325 4265 1390 4321 virilie

203 4382 379 4446 compelleret
400 4380 483 4431 exire.
508 4382 592 4431 Porro
613 4379 678 4430 durn
691 4379 899 4431 lemovicanam
918 4376 1074 4443 proximare
1095 4379 1245 4439 coeperunt
1266 4372 1296 4424 ad
1317 4344 1415 4419 orbati¹

203 4482 286 4548 titquc
298 4493 449 4533 concursus
462 4478 634 4542 populorum,
649 4476 771 4543 procedit
788 4477 924 4529 exercitus
946 4475 1142 4529 monachorum
1154 4487 1217 4526 cum
1232 4471 1332 4536 agmine
1340 4455 1391 4513 rien

203 4594 307 4645 corum,
321 4585 347 4632 et
360 4578 446 4630 nostri
460 4576 649 4642 Redemptoris
661 4575 792 4629 dilectum
805 4589 867 4629 cum
880 4575 992 4629 laudum
1010 4574 1162 4640 praeconiis
1180 4571 1331 4636 suscipiunt
1346 4563 1391 4612 fut·
