3082 5498
237 341 330 391 amn.
349 340 431 391 nar.
450 340 567 391 ranis
586 361 631 372 -
647 341 801 392 urrann.
821 342 868 392 au
883 340 962 394 con.
983 340 1074 395 ursa.
1235 329 1281 396 75

98 506 191 588 660
215 508 347 587 Passio
366 507 503 733 sancti)
520 507 676 585 Maximi
697 510 878 610 martyris
904 511 1009 613 apud
1027 512 1158 591 Asiam
1175 513 1279 614 passi

196 631 477 732 (1011560666
508 693 514 705 .

50 764 115 824 fid.
144 765 225 832 ibid,
239 765 313 819 add.
327 767 361 818 56
372 765 471 831 April,
482 771 549 818 torn.
563 767 610 830 111,
625 782 650 832 p.
667 769 770 821 75266.

154 865 211 942 610
237 864 446 965 Gregorius
482 863 719 944 Turonensis
750 865 800 944 de
835 877 969 946 sancto
999 868 1163 948 Lusorio
1198 869 1276 972 (101.

63 1130 114 1182 Ex
134 991 677 1194 116011510691ον13000[33301003,030.
691 1126 733 1179 ab.

156 1225 212 1304 680
229 1225 361 1305 Passio
379 1226 502 1304 sancti
520 1226 698 1322 Victoris,
719 1224 942 1324 Alexandri,
959 1226 1144 1306 Feliciani
1163 1235 1280 1330 atque

197 1350 374 1451 Longini,
390 1375 442 1426 rur
456 1349 642 1427 kalendas
660 1350 813 1451 augusti
832 1349 1066 1429 celebranda
1080 1352 1157 1452 (fol.
1177 1353 1281 1432 1560-

90 1475 496 1671 00.10.1ΞΞ.,)306.31101.,
511 1616 576 1663 torn.
590 1613 619 1676 v,
633 1625 660 1677 p.
675 1614 778 1665 11047.

162 1708 214 1786 690
238 1708 355 1786 Liber
372 1710 422 1786 de
452 1709 651 1788 miraculis
677 1710 781 1788 beati
799 1707 966 1786 Victoris
999 1709 1181 1810 martyris
1198 1707 1276 1809 (101.

203 1841 415 1943 15906610).
922 1846 925 1853 ’

110 1971 225 2042 aaran,
238 1991 263 2043 p.
281 1976 379 2031 areca.

365 2389 576 2503 Appendix
605 2390 656 2478 ad
686 2390 769 2481 cod.
805 2390 955 2480 11757.

154 2618 313 2690 Proroocs
330 2643 365 2688 nv
382 2624 496 2690 Vtram
512 2624 547 2689 S.
566 2624 700 2690 Ursam
723 2622 804 2709 (Cir.
833 2643 945 2709 supra,
964 2643 996 2709 p.
1016 2572 1074 2702 72,
1093 2620 1177 2709 360).

36 2824 43 2845 ·
119 2806 193 2871 Omne
204 2813 320 2879 pretium
330 2812 411 2878 duco,
424 2818 501 2879 pater
514 2812 711 2875 amantissime,
726 2813 772 2866 diu
782 2815 920 2866 obtectum
929 2812 1013 2864 animi
1023 2811 1115 2879 ignem
1125 2809 1281 2876 enucleare,

95 2906 143 2968 apud
153 2913 282 2978 tequidem
297 2896 400 2964 babens
419 2912 551 2978 loquendi
566 2912 704 2973 tiduciam,
718 2912 767 2965 scd
780 2912 823 2965 vix
843 2911 876 2963 ad
890 2923 986 2963 causas
1003 2909 1114 2976 eloquio
1135 2908 1282 2974 explanan-

93 3001 126 3054 ms
136 3021 291 3070 praesumens
301 3011 455 3063 audaciam.
469 3012 519 3063 Sed
534 3012 598 3078 quid
612 3024 689 3078 agam
699 3013 711 3063 ‘l
723 3015 780 3075 Quo
790 3012 892 3063 diutius
902 3013 1117 3072 contrectavero,
1128 3021 1162 3061 co
1175 3008 1282 3060 ferven-

60 3100 123 3154 iiius
132 3119 195 3161 caeco
207 3112 320 3162 interius
334 3111 395 3175 igne
408 3111 535 3162 vastabor
549 3132 554 3158 :
571 3124 642 3169 nam,
654 3116 683 3162 ut
696 3112 793 3162 beatus
804 3111 870 3163 dicit
882 3110 1039 3177 Gregorius,
1051 3121 1157 3174 nosque
1169 3107 1274 3173 experi-

81 3211 153 3259 mento
164 3209 296 3271 docemur,
311 3209 446 3261 interius
458 3209 615 3261 desideria
629 3209 767 3261 dilatata
779 3211 932 3261 crescunt.
948 3207 1098 3273 Proloquar
1110 3218 1183 3272 vcro,
1199 3205 1281 3270 pusil-

74 3305 191 3359 lauimitas
209 3310 265 3373 ipsa
283 3309 398 3360 latibulo
419 3308 527 3359 ruboris
549 3308 645 3359 obfusa
668 3321 847 3373 prorumpere
869 3321 925 3359 non
947 3307 1089 3373 permittit.
1102 3305 1233 3358 Laboravi
1257 3308 1284 3355 et

66 3418 153 3473 passus
164 3421 217 3457 sum
231 3408 363 3458 haetenus
376 3407 448 3471 quod
470 3406 595 3458 Comicus
607 3407 672 3458 dicit
686 3421 692 3456 :
707 3407 786 3458 Dum
805 3407 839 3458 in
860 3405 952 3458 darbia
964 3405 1011 3457 est
1029 3404 1165 3469 animus,
1179 3401 1279 3470 facile

61 3506 217 3559 divellitur
229 3506 287 3559 Aac
299 3507 330 3558 et
341 3506 428 3557 illuc.
442 3504 563 3557 Tandem
585 3507 675 3571 itaque
688 3507 769 3557 statui
785 3506 849 3556 mibi
868 3507 918 3570 ipsi
932 3506 986 3557 virn
1008 3505 1107 3565 lacere,
1124 3503 1283 3568 vulnusque

10 3616 38 3666 10
56 3608 141 3661 animi
161 3605 191 3657 36
213 3606 363 3659 remedium
387 3607 537 3671 propalare,
553 3607 675 3670 sapiente
699 3607 817 3672 quodam
831 3607 864 3658 36
886 3608 936 3659 boc
958 3609 1104 3658 hortante:
1120 3604 1161 3669 Si,
1184 3604 1282 3669 inquit,

52 3707 240 3760 rnedicircam.
252 3707 422 3772 desideras,
434 3706 554 3772 oportet
567 3708 682 3758 vellitus
694 3707 827 3773 deiocus.
843 3708 934 3759 bicam
957 3719 1020 3772 ergo
1033 3711 1060 3758 et
1080 3706 1114 3756 ad
1133 3704 1284 3756 videndum

49 3805 129 3876 quod
145 3805 208 3856 latet
218 3805 276 3858 vela
290 3805 469 3869 disrumpam.

87 3910 232 3970 Postquam
245 3919 289 3956 me
306 3904 400 3954 divina
421 3904 591 3968 providentia
604 3904 639 3955 ‹le
660 3910 730 3957 terra
744 3909 771 3956 et
783 3905 816 3957 dc
830 3904 992 3971 cognatione
1013 3916 1073 3955 rnea
1090 3901 1284 3966 transpositum

45 4007 129 4076 gregi
145 4016 194 4056 suo
206 4003 353 4055 immiscuit
366 4010 393 4054 et
408 4003 458 4054 sub
471 4003 619 4056 fortissimo
631 4017 731 4070 genere
744 4004 960 4067 coenobitarum,
974 4007 1055 4069 prout
1073 4002 1123 4053 sibi
1137 4001 1284 4066 placuerat,

10 4115 23 4165 5
45 4105 183 4162 erudivit,
197 4110 315 4155 vestrum
329 4101 363 4154 ad
374 4102 501 4154 ultimum
515 4104 741 4155 ministeriumab
752 4105 807 4156 otio
821 4103 902 4155 studii
916 4102 1053 4154 interioris
1063 4101 1160 4154 evulsit
1170 4107 1196 4153 et
1208 4100 1284 4166 quasi

46 4205 170 4258 vitulum
185 4201 348 4255 indomitum
371 4202 429 4254 loro
442 4202 547 4254 timoris
568 4201 609 4253 sui
629 4201 739 4268 ligatum
761 4202 952 4254 oboedientiae
971 4202 1036 4267 jugo
1049 4200 1193 4265 subposuit
1213 4205 1240 4250 et
1258 4200 1285 4250 in

46 4305 159 4358 inculto
172 4315 203 4354 nc
215 4309 347 4354 sentuoso
361 4301 442 4352 nimis
455 4313 519 4367 agro
532 4302 631 4353 bovem
645 4301 707 4352 lecit
721 4301 754 4352 36
774 4300 907 4353 arandum
922 4305 948 4352 et
962 4297 1177 4367 confringendas
1193 4298 1285 4366 glebas

47 4413 112 4472 post
129 4416 168 4453 se.
186 4402 267 4452 birlici
278 4413 343 4467 ergo
353 4401 426 4467 quod
439 4402 570 4453 hactenus
584 4402 783 4467 ignoraveram,
794 4415 921 4453 curarum
932 4399 1183 4466 importunitatibus
1193 4410 1286 4450 occur·

48 4518 125 4558 rere.
138 4502 427 4567 querimoniarumque
441 4500 572 4551 turnultus
584 4500 636 4564 pati
647 4506 683 4562 rt,
695 4500 764 4552 sieut
773 4499 807 4552 de
819 4512 848 4552 sc
857 4499 922 4551 dicit
931 4500 1083 4565 Apostolus
1095 4499 1161 4550 ioris
1172 4510 1285 4565 pugnas,

10 4613 27 4655 n
47 4607 129 4657 intus
142 4602 262 4653 timores..
278 4601 323 4651 llis
337 4606 361 4652 et
384 4600 543 4666 frequenter
563 4599 664 4651 aculeis
684 4599 789 4652 fortiter
810 4601 968 4665 frequenter
989 4599 1114 4651 incussus
1131 4605 1159 4652 ct
1179 4597 1285 4651 sarcina
