3076 5498
256 350 351 399 aran.
369 349 451 401 nur.
470 350 588 400 ranis.
608 372 650 382 -
666 351 822 402 nerano.
840 352 888 401 an
905 352 983 432 con.
1004 351 1096 402 nrm.
1245 339 1291 403 33

103 517 155 569 24.
166 516 336 571 succendens
357 519 438 587 igitur
457 524 566 573 satanas
586 520 767 588 imperatricis
787 535 835 577 eor
854 521 1020 577 intolerabili
1041 522 1091 587 ira,
1105 523 1152 590 qui
1173 523 1289 578 circuire

10 596 12 603 ¹
76 622 151 670 totam
168 622 265 671 terram
284 631 317 671 ac
337 620 527 686 perambulare
548 626 674 673 assuetus
695 626 737 673 est
753 622 862 688 anxius,
875 622 969 676 volans
981 621 1048 675 adiit
1059 621 1250 677 Alexandriam
1263 629 1291 678 et

78 715 177 768 imitavit
195 729 291 783 papam
312 719 435 785 ejusdem
456 720 544 786 urbis,
566 719 747 786 Theophilum
768 721 891 788 nomine,
911 733 991 788 agere
1011 734 1139 787 perverse
1160 722 1291 777 adversos

80 813 192 879 quosdam
211 816 369 870 monachos.
384 817 447 870 lllos
467 831 563 871 rursus
583 817 675 872 lurore
695 818 779 872 multo
797 819 945 873 commovit
956 818 1105 874 ascendere
1118 819 1290 887 augustalem

58 912 193 967 tciritatem
205 921 231 968 et
242 920 340 970 contra
350 929 448 983 papam
460 931 541 971 suum
554 918 731 984 interpellare
742 921 901 985 Augustum.
913 920 997 984 Quam
1007 923 1097 973 tamen
1107 918 1290 974 ascendentes

84 1010 124 1078 iili,
135 1014 297 1068 indirectum
311 1022 493 1070 cucurrerunt
510 1017 545 1071 ad
566 1021 690 1071 sanctum
710 1018 892 1085 patriarcham
904 1020 1058 1072 iohannem
1070 1019 1110 1072 uti
1121 1018 1156 1072 ad
1169 1019 1289 1073 amicum

85 1116 106 1162 et
113 1113 320 1169 consacerdotem
332 1129 418 1183 papae
430 1118 592 1171 existentem
606 1121 688 1186 atque
706 1118 820 1172 advenis
835 1119 954 1186 quietem
973 1123 1112 1185 praestare
1125 1119 1247 1187 solitum,
1260 1121 1289 1172 et

86 1204 277 1274 deprecabantur
288 1226 338 1280 per
349 1226 414 1266 eum
426 1213 597 1268 reconciliari
609 1228 696 1282 papae
709 1228 769 1269 suo.
782 1218 855 1280 Quos
872 1214 915 1270 uir
933 1215 991 1280 bei,
1005 1228 1038 1268 ex
1050 1227 1127 1269 more
1144 1215 1223 1270 solito
1235 1215 1288 1270 sibi

87 1311 236 1376 receptionis
257 1313 476 1382 peregrinorum,
498 1314 642 1381 quiescere
667 1314 732 1369 iecit
758 1314 786 1367 in
807 1315 888 1369 domo
916 1320 1027 1368 sanctae
1047 1315 1215 1380 anastasiae,
1236 1327 1287 1368 nec

10 1416 13 1425 ·
55 1401 168 1462 lindam
186 1409 320 1465 ministris
340 1413 410 1466 sacri
431 1413 535 1466 altaris.
548 1417 741 1467 vemmtamcn
761 1415 870 1479 scripsit
880 1427 911 1467 ac
935 1415 1008 1467 misit
1021 1414 1164 1480 epistolam
1182 1418 1286 1483 rogato·

87 1504 282 1573 tian,immensa
301 1510 450 1566 dulcedine
469 1512 591 1579 plenam,
603 1512 638 1566 ad
651 1512 815 1579 placandum
837 1512 991 1581 praesulem
1003 1514 1155 1567 monacbis.
1170 1514 1227 1577 Qua
1238 1513 1286 1566 ilie

10 1618 17 1626 ·
87 1599 144 1672 lecta,
161 1607 277 1663 deterior
297 1611 395 1678 lactus,
415 1618 528 1678 repente
547 1610 682 1680 dijudicat
701 1613 813 1666 beatum
833 1613 922 1665 vimm
944 1617 1083 1679 tamquam
1104 1612 1200 1679 iniqua
1221 1625 1286 1666 con·

10 1700 18 1725 ·'
87 1703 170 1760 nenia
180 1711 332 1776 susceperit
343 1723 409 1778 eos3
423 1712 571 1779 uitensque
594 1726 624 1765 se
644 1711 792 1765 ostendere
812 1712 891 1779 quasi
910 1713 983 1778 juste
996 1711 1082 1765 iratus
1094 1715 1167 1766 esset
1179 1710 1243 1780 iliis,
1255 1715 1287 1765 ut

10 1792 20 1827 ³
34 1798 38 1803 ’
87 1812 197 1869 opereret
208 1809 303 1876 iniqua
315 1822 406 1878 agere,
420 1816 559 1878 tamquam
571 1810 736 1865 benedicere
749 1811 863 1865 deberet
874 1808 1066 1864 abominantes
1084 1825 1157 1864 eum.
1170 1811 1287 1877 insuper

10 1917 20 1927 ·
56 1894 227 1968 drigenimae
248 1909 393 1963 haereseos
413 1922 545 1976 sequaces
565 1909 627 1963 iilos
645 1911 782 1963 mentiens
799 1908 865 1964 dicit
883 1915 910 1963 et
920 1910 1026 1962 litteras
1037 1923 1185 1963 susurrans
1197 1909 1286 1977 dupii-

10 1991 21 2025 ⁵
86 2006 267 2062 ahsadrersus
279 2021 337 2074 eos,
350 2013 381 2063 ut
393 2010 525 2076 scriptum
545 2015 596 2076 est,
609 2011 771 2064 confusione
791 2010 888 2078 dignas
908 2024 941 2064 ex
963 2016 1055 2064 mente
1075 2023 1125 2064 sua
1143 2010 1285 2078 ingeniose

10 2091 14 2123 ·’
86 2104 337 2177 intentarunt
350 2122 397 2163 eos
408 2116 566 2177 susceperat
577 2112 673 2165 horum
684 2124 776 2178 parem
788 2124 847 2164 esse
855 2112 968 2177 dicens;
982 2124 1050 2180 quas
1060 2111 1163 2164 litteras
1175 2110 1286 2164 deierre

10 2214 21 2289 ᾗ
86 2205 435 2263 hmdaritsanctolohanni.
447 2211 604 2277 Agnoscens
623 2223 734 2277 quoque
754 2211 827 2264 idem
849 2211 1016 2279 Theophilus
1035 2211 1099 2279 quia
1122 2210 1283 2277 imperatrix

10 2290 22 2323 ²⁴
86 2309 166 2359 donn
175 2308 286 2362 haberet
299 2309 468 2375 praedictum
481 2314 606 2362 sanctum
617 2311 769 2363 iohannem
782 2316 809 2362 et
821 2310 930 2364 diverso
949 2309 1030 2364 modo
1044 2323 1141 2363 causas
1152 2309 1283 2364 laesionis

10 2385 24 2401 η
53 2391 125 2463 bein
133 2413 215 2472 aptans
226 2409 389 2476 requireret,
401 2408 481 2463 vaide
492 2409 602 2478 gavisus
613 2410 738 2462 similiter
749 2409 917 2464 decertabat.

10 2485 25 2520 ³⁵
107 2498 273 2574 tbbenique
284 2505 395 2560 dolosas
407 2505 511 2561 litteras
530 2509 603 2561 misit
620 2513 714 2563 sancto
732 2508 894 2575 Epiphanio,
908 2507 1056 2562 senissimo
1074 2511 1185 2562 centum
1202 2507 1282 2574 quin·

10 2585 23 2623 ³³
86 2592 451 2674 “alumnorumcyprorum
461 2607 599 2673 episcopo,
611 2608 734 2661 reterens
744 2591 933 2676 origenianum
944 2606 1012 2673 lore,
1023 2620 1078 2661 non
1088 2606 1280 2674 orthodoxum,

10 2685 22 2720 ²
85 2691 207 2773 iohannem,
221 2710 248 2759 et
259 2706 359 2759 iccirco
371 2706 574 2773 imperatricem
588 2706 684 2759 iratam
702 2706 774 2760 velle
787 2705 939 2760 sacerdotio
953 2707 1067 2760 alienari
1079 2712 1162 2773 atque
1175 2705 1279 2759 exiliari

10 2782 27 2880 ‘'⁸-
85 2800 302 2866 laedpereitlum.
316 2804 419 2867 Quibus
440 2804 527 2870 lectis,
540 2808 651 2857 sanctus
671 2803 840 2871 Epiphanius
860 2805 953 2872 aliquo
977 2805 1059 2858 modo
1080 2804 1211 2858 seductus
1225 2806 1280 2871 est;

15 2891 19 2895 ’
54 2876 183 2952 2⁵iaciebat
195 2903 268 2954 enirn
289 2900 364 2968 quod
386 2903 513 2955 inimicus
533 2907 605 2956 essct
626 2907 722 2956 sancto
742 2902 859 2956 iohanni
878 2902 1053 2968 Theophilus.
1066 2900 1171 2956 Accidit
1183 2907 1274 2956 autem

10 2980 26 2997 ⁵
85 2995 224 3060 litquadam
237 3012 320 3052 causa
333 3001 460 3067 navigare
472 2999 574 3053 debere
585 3005 709 3053 sanctum
730 2999 961 3067 Epiphaniumad
975 3001 1075 3067 regiam
1089 3000 1195 3053 urbem.
1209 3003 1277 3054 cum

13 3082 30 3110 ³⁸
85 3093 128 3152 crgo
136 3100 298 3163 comperisset
311 3099 492 3164 imperatricis
506 3098 600 3151 odium
612 3112 675 3166 erga
690 3100 797 3151 beatum
816 3099 978 3166 iohannem,
995 3099 1112 3165 amplius
1130 3099 1276 3152 festinabat

84 3192 203 3265 ascendere,
216 3212 273 3251 non
286 3203 316 3251 ut
327 3205 422 3250 sancto
435 3199 493 3250 viro
507 3199 707 3261 adversaretur,
721 3198 768 3250 sed
782 3205 810 3249 ut
822 3211 885 3250 eum
898 3199 1071 3265 inquantum
1091 3202 1184 3263 posset
1200 3197 1276 3265 adju·

13 3299 20 3370 ’ἢ
83 3290 139 3340 tarn,
148 3296 290 3349 assumens
302 3297 384 3364 igitur
396 3310 490 3349 secum
503 3296 643 3363 Polybium
663 3296 822 3362 episcopum
841 3302 867 3349 et
883 3299 958 3350 isaac
976 3296 1139 3349 monachum
1153 3301 1182 3349 et
1194 3309 1277 3362 quos·

12 3395 36 3474 sp·
51 3369 197 3458 ⁸mimarios,
213 3397 348 3463 navigavit
368 3396 641 3461 Constantinopolim.
655 3398 739 3460 Quam
758 3397 940 3461 introeuntes,
954 3400 1141 3464 cognorerunt
1158 3396 1275 3448 multum

16 3466 28 3565 ξ
79 3482 168 3544 titum
180 3508 226 3560 pro
239 3495 319 3548 beato
331 3495 457 3548 iohanne
470 3496 542 3547 cives
554 3494 630 3547 urbis
648 3496 733 3561 illius,
747 3496 875 3562 aquibus
893 3495 1080 3562 copiosissime
1099 3494 1273 3562 diligebatur.

10 3570 23 3642 θ’
76 3578 134 3641 iram
143 3602 227 3647 autem
246 3595 283 3647 ibi
301 3594 436 3660 quaedam
460 3595 625 3647 monasteria
646 3600 673 3647 et
693 3595 826 3648 ecelesiae
847 3608 917 3661 quae
937 3594 1108 3660 accipiebant
1119 3607 1271 3647 annonasa

72 3687 140 3751 leina
150 3706 197 3746 nec
208 3694 380 3759 recipiebant
391 3695 500 3746 beatum
518 3696 681 3746 iohannem.
696 3697 837 3760 ingressus
860 3707 923 3747 tero
936 3707 1050 3760 magnus
1062 3693 1228 3760 Epiphanius
1244 3693 1272 3746 in

69 3793 109 3839 illo
123 3795 356 3858 monasteriorum,
378 3800 488 3847 coactus
509 3800 549 3845 est
572 3806 690 3857 sacrare,
712 3795 843 3860 quoniam
858 3807 926 3859 opus
947 3798 1013 3846 erat.
1036 3794 1156 3847 audiens
1177 3799 1270 3846 autern

23 3880 139 3943 tabern
155 3894 294 3946 lohannes
313 3893 342 3945 in
363 3907 411 3946 sua
433 3893 552 3946 dioecesi
577 3893 760 3945 sacrationem
772 3893 869 3946 iecisse
882 3893 990 3946 beatum
1004 3893 1195 3959 Epiphanium‚
1209 3906 1273 3947 con-

58 3985 160 4042 tristatus
171 3997 212 4044 est
224 3993 402 4045 vehementer
414 3997 441 4044 et
452 3992 596 4057 epistolam
614 3991 689 4043 misit
705 3991 738 4044 ad
758 4005 820 4044 eum
842 3991 1046 4045 tribulationem
1058 3991 1270 4059 germinantem,

51 4097 123 4153 aquo
134 4090 247 4143 senilem
260 4090 362 4155 recepit
374 4089 495 4141 missam.

74 4186 127 4240 26.
139 4188 237 4242 hudito
250 4189 409 4255 imperatrix
422 4190 563 4242 hominem
577 4191 622 4242 liei
639 4190 793 4244 iohannem
813 4195 979 4243 commotum
993 4188 1124 4241 adversus
1136 4189 1268 4256 grandae-

41 4299 100 4339 vum
120 4288 207 4340 uirum
228 4289 421 4355 EpiphanIum,
434 4297 546 4342 evocato
566 4290 600 4342 ad
622 4303 651 4342 se
675 4290 745 4342 elata
757 4297 859 4353 mente,
873 4289 941 4341 ialsa
954 4288 1107 4341 humilitate
1120 4286 1267 4355 adulando,

10 4387 71 4441 lait
95 4387 121 4439 ei
145 4386 269 4441 :Pater
292 4387 461 4456 Epiphani,
483 4401 573 4442 omrte
595 4390 769 4443 Rauranum
792 4401 924 4455 reprcunt
946 4401 1048 4440 meum
1074 4389 1105 4440 et
1126 4386 1268 4441 omniunt

31 4488 238 4542 ecclesiarum
250 4502 329 4555 qnae
342 4488 376 4539 in
387 4501 482 4554 regno
500 4502 566 4542 meo
583 4490 658 4541 sunt
673 4488 811 4542 sacrario
831 4490 887 4540 tua
906 4489 960 4540 est.
976 4487 1176 4539 Praesentem
1194 4496 1266 4538 vero

29 4589 211 4656 episcopum
232 4587 373 4642 civitatis
397 4587 499 4652 istinc,
520 4591 630 4641 contra
642 4589 827 4655 potestatem
854 4589 994 4640 notham
1013 4585 1184 4652 inquietum
1203 4584 1268 4637 exi·

98 4697 196 4740 cartu
216 4697 305 4740 ranis.
324 4699 349 4739 r.
369 4698 406 4739 111.
1184 4687 1200 4735 5
