3082 5498
344 344 437 394 amr..
458 344 542 394 nar.
562 343 677 393 ranis.
699 361 741 372 -
759 343 913 393 aeruna.
932 344 978 394 aa
995 343 1074 394 ooo.
1095 342 1186 394 ιιιιι.
1326 329 1393 395 423

144 512 272 565 venire
290 511 442 565 noluisset
464 511 604 572 ecclesia,
626 523 827 576 nequaquam
851 523 907 564 nos
938 510 1034 564 tontis
1054 510 1225 565 visionibus
1249 513 1392 579 pulsare,

137 624 359 678 nequaquam
381 611 477 664 latori
501 609 652 664 monacho
679 612 785 663 nostro
813 623 905 662 suain
925 609 1143 677 praesentiam
1171 609 1390 678 manifestare,

136 714 293 779 insuper
311 713 410 766 locum
428 711 482 765 ubi
498 709 708 777 requiescebat
726 713 791 763 tom
809 710 945 763 euidenti
960 710 1048 777 siquo
1066 710 1255 778 dignaretur
1285 712 1387 765 decla-

135 826 242 878 rare,
256 823 377 865 necnon
388 816 417 864 et
431 810 573 863 inimicos
582 812 803 876 persequentes
816 810 954 863 devitare
966 828 973 875 ;
986 810 1040 863 sed
1050 810 1126 877 quia
1137 811 1237 863 locum
1247 813 1390 864 nostrum

135 915 179 964 et
204 912 376 965 ecclesiam
389 910 575 977 praesentia
596 909 648 962 sui
664 909 805 975 corporis
825 909 971 963 decorari
987 910 1096 973 voluit,
1115 909 1214 976 siquis
1231 909 1342 964 multis
1360 912 1391 964 et

138 1009 329 1063 virtutibus
340 1011 448 1076 potuit
460 1011 579 1076 quanta
587 1021 648 1075 per
660 1008 754 1061 illurn
766 1007 928 1061 mirabilia
941 1009 1022 1061 Deus
1042 1007 1085 1061 ibi
1096 1008 1225 1074 operari
1242 1009 1391 1076 eliquatus

136 1109 204 1161 sit.
221 1111 259 1161 lis
270 1122 334 1175 ergo
346 1109 435 1161 taliter
448 1108 615 1175 litigantibus
628 1115 655 1160 et
666 1109 806 1161 canonicis
818 1109 889 1162 beati
902 1109 998 1162 aniani
1017 1108 1271 1163 contradicentibus
1292 1116 1319 1162 et
1342 1124 1392 1176 per

136 1208 318 1260 violentiam
331 1206 475 1273 praedictis
489 1207 631 1259 monachis
643 1206 752 1259 auterre
765 1208 939 1274 conantibus,
953 1221 1024 1260 unus
1034 1221 1068 1260 ex
1081 1208 1223 1260 monacbis
1235 1209 1271 1260 ita
1286 1209 1389 1274 intulit,

139 1306 255 1360 dicens
269 1323 276 1358 ε
290 1308 321 1360 Si
335 1306 429 1372 vobis,
443 1307 542 1373 inquit,
552 1306 721 1373 placuerit,
737 1305 847 1358 audite
857 1305 1026 1359 consilium
1038 1319 1174 1360 meum...

322 1509 502 1574 Minaeum
521 1507 554 1572 S.
576 1507 761 1572 Bansurcrr
780 1505 861 1591 (Cir.
880 1526 993 1592 supra,
1013 1527 1045 1591 p.
1072 1506 1152 1587 421,
1172 1504 1230 1584 4⁰).
1265 1502 1268 1513 ’

184 1711 214 1761 1.
235 1710 326 1771 Nuper
337 1718 447 1773 quoque
470 1704 624 1770 nostrisque
646 1705 876 1771 propemodum...
891 1704 1090 1770 temporibus...
1112 1706 1152 1770 (ut
1173 1706 1202 1756 in
1223 1704 1284 1759 cod.
1309 1708 1388 1758 Brun.

143 1810 278 1865 8875-78,
301 1806 364 1859 Cat.
388 1805 499 1869 Brun,
523 1809 588 1858 tom.
612 1806 645 1865 ll,
659 1819 686 1870 p.
708 1806 811 1868 itta-itt,
834 1817 909 1856 num.
932 1807 956 1856 2.
981 1806 1043 1856 Post
1063 1805 1145 1857 verba
1164 1816 1236 1858 eum
1255 1804 1390 1858 excelsis

143 1905 283 1960 sedibus
294 1903 453 1966 collocavi,
466 1903 545 1967 ibid,
557 1918 584 1969 p.
595 1906 654 1966 tiit,
666 1903 714 1955 lin.
725 1906 766 1969 ΞΒ,
779 1905 845 1956 baec
854 1901 946 1955 addita
958 1908 1023 1955 sunt
1034 1903 1061 1955 in
1076 1903 1170 1956 codice
1183 1905 1202 1967 z)
1215 1906 1272 1968 Quo
1284 1903 1388 1970 audito,

144 2007 248 2072 eoepit
261 2005 345 2056 irater
357 2004 403 2056 ille
416 2016 499 2068 super
511 2004 592 2068 hujus
610 2004 649 2055 rei
663 2004 762 2055 iactum
785 1992 916 2054 attonitus
938 2002 1076 2054 admirari.
1090 2001 1129 2054 ad
1142 2016 1224 2070 quem
1237 2016 1334 2056 rursus
1351 2003 1388 2055 ait

144 2112 268 2161 sanctus
281 2120 288 2155 :
301 2104 334 2157 Si
342 2116 438 2169 super
450 2101 505 2156 boc
516 2100 639 2169 facturn
650 2102 791 2168 rainonis,
806 2101 921 2154 iterum
939 2101 1026 2154 audi.
1040 2101 1124 2155 Scias
1132 2115 1193 2169 pro
1211 2106 1293 2156 certo
1311 2104 1387 2171 quic

143 2206 189 2261 ab
203 2205 264 2258 illo
277 2204 328 2256 die
339 2215 399 2269 quo
411 2201 466 2255 boc
477 2201 703 2255 anacasteriurn
723 2200 787 2266 suit
803 2203 1024 2265 corutrnctum,
1038 2203 1183 2267 quotquot
1199 2199 1319 2269 tratres
1336 2203 1386 2258 bic

143 2305 286 2370 want
298 2299 450 2368 desumit,
463 2304 595 2354 aeterno
607 2301 713 2366 requie
723 2303 797 2352 suut
816 2299 941 2367 recepti.
956 2300 1060 2352 Deinde
1078 2300 1177 2365 adjecit
1195 2307 1221 2353 et
1241 2302 1278 2353 ait
1301 2303 1383 2355 trater

144 2405 196 2458 ille
218 2420 226 2454 ε
254 2401 335 2462 Quia
355 2399 441 2454 nobis
462 2399 584 2467 dimisti,
603 2400 737 2465 domine,
759 2398 917 2452 vnobiscum
938 2401 967 2452 te
985 2411 1051 2451 esse
1073 2397 1189 2464 debere,
1214 2400 1285 2466 quis
1300 2401 1387 2455 nobis

143 2505 263 2558 notam
275 2497 373 2566 faciet
393 2497 504 2551 boram
524 2498 677 2550 adventus
700 2497 755 2561 tui,
769 2500 805 2549 ut
825 2509 1028 2550 occurramus
1050 2497 1106 2550 tibi
1117 2497 1130 2550 t
1142 2499 1173 2548 tt
1193 2498 1239 2551 ille
1258 2497 1384 2567 :Neara

143 2601 244 2669 inquit
255 2617 263 2664 ;
276 2599 329 2652 sed
341 2609 394 2664 eqo
414 2599 478 2650 tale
494 2597 620 2664 sipuuru
640 2596 802 2649 ostendam
814 2595 953 2649 omatibus
974 2597 1054 2663 quod
1065 2597 1104 2650 de
1123 2610 1192 2650 ntea
1199 2599 1385 2664 praesentia

143 2698 405 2754 dubitetnuttus.

183 2799 218 2852 2.
235 2802 266 2851 ln
279 2797 398 2850 confinio
410 2796 562 2849 senonicae
581 2796 657 2848 urbis
670 2794 907 2861 paterfamilias...
920 2796 996 2861 (Act.
1008 2796 1066 2864 SS,
1080 2795 1115 2848 ad
1127 2796 1154 2849 d.
1168 2797 1198 2850 at
1213 2801 1300 2866 tlart,
1315 2804 1381 2852 tom.

145 2904 196 2965 ιιι,
213 2915 241 2966 p.
256 2879 360 2965 ssa-ar,
373 2912 449 2951 num.
466 2898 527 2959 r-o).

181 3003 217 3054 3.
232 2999 338 3051 Accidit
350 3011 460 3065 quoque
473 3003 596 3062 tempore
609 2996 727 3062 quodam
742 2994 945 3060 expeditionem
964 3008 1045 3063 agere
1065 2998 1261 3050 Saracenorum
1276 3004 1383 3066 gentem

141 3099 238 3169 gratia
258 3097 434 3163 impugnandi
448 3096 521 3148 illius
538 3096 655 3162 regionis
665 3096 774 3147 celebre
789 3095 1000 3147 christianorum
1012 3096 1381 3150 nomentlndearmatorum

140 3196 348 3251 innumerabili
371 3196 544 3248 multitudine
565 3195 663 3257 fidens,
677 3196 760 3247 nativi
782 3195 917 3248 incolatus
938 3207 1047 3258 egressa
1060 3196 1194 3261 vaginam,
1208 3202 1268 3261 post
1289 3199 1383 3251 multa·

142 3312 212 3351 rum
232 3295 446 3349 christianorum
467 3296 671 3360 possessionum
692 3295 931 3360 depopulationem
951 3307 1030 3346 secus
1052 3295 1202 3360 praefatum
1217 3299 1380 3351 coenobium

139 3405 321 3451 castrensem
335 3394 391 3461 figit
404 3395 590 3447 metationem.
606 3397 687 3446 Porro
699 3394 838 3458 oppidani,
854 3392 941 3458 pridie
954 3399 1082 3460 percepta
1100 3394 1170 3447 lama
1183 3409 1300 3450 vesanae
1317 3412 1381 3465 gen·

139 3500 191 3560 tis,
207 3508 274 3547 suas
294 3507 416 3560 quasque
435 3507 478 3545 res
498 3493 694 3558 undecumque
714 3494 852 3555 collectaS,
866 3498 958 3558 utpote
977 3494 1104 3545 humanis
1124 3493 1246 3547 destituti
1266 3496 1380 3562 solatiis,
1453 3525 1456 3535 ν

139 3595 268 3649 tuendas
281 3593 419 3646 Benedicti
432 3593 559 3658 precibus
571 3593 660 3658 almis,
675 3593 789 3644 fratrum
802 3592 951 3643 immittunt
964 3591 1089 3655 officinis,
1104 3605 1136 3645 ao
1148 3595 1182 3645 ita
1197 3609 1259 3647 oum
1271 3597 1380 3648 univer·

137 3698 182 3747 sis
201 3693 367 3759 coenobitis,
380 3705 436 3744 uno
460 3698 566 3744 tantum
588 3696 748 3743 remanente
761 3691 827 3755 illic,
841 3692 968 3756 contigua
990 3690 1081 3742 abdita
1103 3693 1247 3760 montium,
1261 3707 1378 3749 concava

137 3794 271 3850 vallium.
284 3791 396 3845 dumeta
417 3793 556 3856 silvarum,
570 3792 687 3856 sparsim
705 3805 754 3855 pro
775 3803 854 3855 posse
875 3790 1007 3842 latitando
1019 3792 1172 3856 quaesiere.
1185 3796 1238 3846 Neo
1251 3808 1336 3859 mora,
1350 3803 1379 3847 ut

137 3894 253 3947 dictum
277 3898 328 3954 est,
342 3891 472 3959 templum
494 3891 602 3943 ethnica
623 3890 751 3941 ferocitas
774 3889 891 3940 tentoria
915 3887 1058 3954 deponens
1082 3891 1214 3960 obambit,
1231 3893 1378 3947 claustrum

137 3993 285 4057 irrumpit,
307 3991 426 4044 divinam
447 3990 542 4043 aedem
562 4003 629 4042 ausu
654 3989 798 4041 temerario
817 3988 894 4053 petit,
914 4001 1065 4053 pauperum
1082 4004 1125 4042 res
1147 3992 1276 4046 invadere
1293 3995 1381 4060 gliscit

137 4105 174 4144 ao
188 4089 300 4154 reliqua
313 4090 375 4154 igne
386 4102 508 4141 cremare
527 4089 677 4141 contendit.
692 4088 745 4139 Sed
765 4085 926 4138 Benedictus
947 4094 1033 4151 pater,
1047 4089 1093 4154 qui
1115 4091 1253 4155 quondam
1273 4093 1380 4145 animas

135 4203 259 4242 suorum
281 4189 316 4240 ab
338 4189 449 4240 interitu
471 4188 596 4240 liberavit
615 4186 876 4254 Langobardorum,
900 4199 974 4237 nunc
998 4199 1109 4253 quoque
1130 4203 1208 4243 versa
1225 4192 1283 4243 vice
1302 4193 1377 4244 omni

135 4289 245 4341 salvata
265 4286 464 4353 suppellectile,
478 4285 550 4338 haud
563 4286 666 4352 aliquid
679 4287 730 4337 sibi
747 4284 955 4337 commissorum
969 4285 1031 4336 sivit
1043 4286 1189 4351 perditum.
1204 4290 1255 4341 lies
1269 4291 1338 4343 mira
1351 4298 1377 4343 et

135 4390 322 4442 venementer
334 4383 479 4450 stupenda.
494 4387 558 4437 Nam
579 4392 609 4437 ut
622 4386 733 4437 fratrum
756 4384 864 4436 cellaria
875 4385 1005 4448 juventus
1027 4386 1152 4451 irrumpit
1170 4385 1282 4454 effrena,
1296 4403 1378 4456 quae·

135 4502 193 4556 que
208 4486 263 4537 sibi
278 4484 355 4536 utilia
367 4498 461 4536 secum
473 4486 659 4550 deportatura,
672 4485 781 4536 cetera*
795 4483 911 4535 dammis
933 4483 1074 4548 traditura,
1088 4487 1181 4539 divino
1192 4494 1298 4542 terrore
1315 4505 1374 4556 per·
1430 4500 1517 4554 wod,
1535 4535 1537 4540 .

135 4600 220 4643 tussa
234 4585 335 4648 haesit,
350 4585 461 4650 ignique
474 4585 588 4649 stipulae
601 4584 747 4648 manipulis
759 4597 808 4635 seu
827 4584 875 4634 lini
894 4598 926 4636 ae
938 4585 960 4636 si
976 4585 1113 4638 immissus
1133 4586 1234 4652 aliquis
1247 4590 1373 4649 occidit',
1419 4573 1532 4687 “Ptgcas·
