3076 5498
231 337 324 386 arna.
344 337 424 386 nar.
445 337 560 386 ranis.
580 358 624 368 —
641 335 795 385 anenno.
817 335 863 382 ab
880 334 957 383 con.
981 323 1072 382 lvctr.
1203 312 1269 378 427

124 519 145 556 rr
157 518 251 569 preces
271 517 333 556 eum
355 505 484 564 lacrimis,
507 510 537 556 ut
558 507 627 556 beus
647 504 772 556 misereri
793 503 954 570 dignaretur
971 501 1025 553 illis
1043 502 1142 554 borum
1156 512 1267 552 suorum

125 606 192 670 ipum
206 605 319 656 meritis.
334 606 389 657 Nec
401 604 491 657 differt
505 605 681 670 omnipotens
698 607 766 655 licus
783 604 840 655 suis
858 603 929 654 caris
947 600 1100 655 concedere
1119 600 1226 662 amieis,
1242 605 1271 650 et

127 703 257 754 uitanicns
269 702 351 754 sciret
365 702 479 767 populus
502 703 583 767 bajus
602 701 721 753 adventu
745 714 827 766 super
849 713 878 752 se
891 699 1036 753 salvatoris
1049 711 1160 751 manum
1175 709 1269 762 perve-

124 814 173 865 ,xa
183 805 229 853 aut
241 815 274 854 eo
287 802 404 867 amplius
416 802 462 867 qui
476 801 592 853 aderant
606 802 708 868 aegroti
728 801 843 853 amissae
856 799 1009 853 redduntur
1021 798 1143 863 sospitati
1155 814 1163 863 ;
1176 797 1273 863 sicque

124 902 178 954 tilla
190 902 305 955 cessarit
316 903 446 967 deinceps
458 904 492 954 ab
511 903 564 953 illis
587 915 634 968 per
656 902 885 955 interventionem
909 900 1073 954 venerabilis
1086 899 1171 965 patris
1182 897 1269 953 nostri

124 1000 191 1054 licti.

140 1099 246 1151 llinime
259 1112 370 1165 quoque
391 1101 611 1166 postponendum
633 1112 695 1152 reor
710 1112 771 1152 csse
791 1099 864 1166 quod
878 1098 986 1152 cuidam
1004 1098 1084 1151 militi
1097 1111 1146 1151 sua
1159 1097 1269 1149 levitate

124 1200 163 1266 git,
176 1200 338 1264 praesertim
351 1213 413 1252 cum
436 1201 507 1252 bunc
520 1201 688 1268 singularem
710 1204 819 1252 nostrae
832 1199 983 1266 fragilitatis
1003 1198 1205 1251 consolatorem
1218 1209 1269 1249 nec

124 1299 187 1362 rgnis
197 1311 247 1349 nec
257 1298 285 1349 in
296 1298 417 1350 minimis
426 1297 615 1351 sileredebeat
624 1299 715 1366 lingua
725 1299 825 1352 carnis,
834 1297 948 1360 Quidam
958 1298 1145 1387 virstrenuus,
1157 1295 1270 1349 nomine

124 1395 215 1459 andus,
239 1410 288 1462 pro
309 1398 474 1463 quibusdam
494 1399 551 1450 suis
572 1398 780 1467 necessitatibus
802 1397 835 1450 ad
859 1409 942 1464 supra
967 1397 1136 1462 praedictum
1157 1399 1270 1449 venerat

124 1497 213 1548 ibium.
229 1497 346 1550 Peractis
359 1510 423 1550 vero
445 1511 493 1564 pro
506 1498 606 1564 quibus
628 1499 710 1564 venit,
724 1498 790 1550 dum
802 1498 955 1565 regreditur
976 1497 1009 1550 ad
1023 1496 1142 1563 propria,
1156 1494 1268 1561 cuidam

124 1595 142 1646 is
156 1597 235 1648 viris·
248 1596 325 1648 illum
339 1609 394 1649 non
407 1597 487 1664 longe
500 1604 540 1649 est
552 1598 713 1663 comitatus3
727 1597 774 1650 sed
787 1603 897 1663 accepta
910 1597 1029 1661 licentia,
1043 1595 1133 1648 causis
1140 1595 1158 1616 ⁶·
1171 1594 1268 1661 aliqui·
1287 1596 1370 1683 cod.
1381 1607 1465 1649 unus.

124 1696 281 1762 cogentibus,
304 1704 377 1749 retro
397 1702 439 1750 est
451 1710 600 1765 regressus.
615 1699 664 1760 Qui
685 1711 748 1749 curn
771 1702 961 1760 reverteretur,
980 1701 1010 1749 ut
1031 1694 1160 1757 diximus,
1174 1693 1268 1747 dextra
1326 1663 1418 1782 effi?

124 1808 172 1859 que
184 1795 297 1848 fratrum
310 1797 484 1861 conspicatur
495 1797 615 1848 culturas
627 1798 755 1850 viridanti
768 1798 904 1849 seminum
926 1796 1050 1864 germine
1063 1800 1188 1848 recenter
1206 1793 1271 1847 ado·

124 1907 143 1944 s.
156 1895 293 1960 Extemplo
313 1896 459 1961 superbiae
470 1901 576 1948 tumore
598 1896 743 1962 distentus,
757 1897 875 1949 invidiae
888 1897 993 1949 lacibus
1005 1907 1162 1961 succensus,
1174 1894 1270 1958 impel-

124 1991 267 2043 nlcaribus
278 1992 465 2059 sonipedem‘,
479 1994 596 2046 molliter
617 1996 738 2046 habenas
761 1996 894 2052 relaxans,
908 1995 970 2048 totis
991 1995 1137 2061 insurgens
1155 1992 1270 2051 viribus,
1324 1992 1413 2047 ‘coci

124 2090 233 2144 aedium
255 2105 368 2144 currere
393 2093 533 2156 compulit.
557 2094 666 2146 Videres
690 2095 792 2146 rabiem
818 2095 886 2146 tanti
909 2094 1029 2151 bominis
1053 2097 1151 2145 nutare
1175 2095 1270 2145 contra
1287 2058 1459 2125 mmmm

124 2189 190 2240 rtiam
212 2191 357 2255 creatoris,
371 2195 397 2242 et
418 2192 541 2242 novellae
564 2191 740 2256 plantationis
761 2193 875 2256 semina,
898 2191 1028 2245 radicitus
1051 2191 1153 2256 evulsa,
1169 2189 1268 2256 passim

124 2288 274 2352 adispersa.
290 2291 321 2340 tt
332 2289 379 2340 ubi
393 2290 457 2340 satis
479 2303 544 2342 suae
557 2290 620 2342 lecit
632 2291 774 2355 voluntati,
789 2304 903 2356 sperans
915 2305 947 2343 ac
964 2292 987 2342 si
997 2292 1052 2356 jam
1073 2289 1107 2342 de
1126 2294 1218 2342 cetero
1231 2287 1269 2340 nil

124 2392 307 2451 osuperesset
319 2387 475 2450 Benedicto,
490 2395 518 2440 ul
531 2396 659 2454 coeperat
676 2396 800 2455 coeptam
813 2392 900 2442 tenuit
922 2391 1005 2453 viam,
1021 2388 1121 2456 oppido
1133 2401 1215 2454 super
1228 2388 1270 2439 bis

127 2491 201 2552 tatus,
217 2487 319 2539 nostris
330 2492 420 2539 autem
441 2489 487 2552 qui
500 2489 567 2541 baec
579 2489 704 2541 viderant
722 2502 777 2542 non
797 2489 971 2542 mediocriter
991 2490 1155 2542 dolentibus.
1171 2491 1268 2541 Verum

124 2597 137 2635 o
156 2583 228 2636 baud
242 2585 356 2638 multum
379 2584 466 2638 abluit
485 2586 582 2640 divina
602 2587 678 2640 ultio.
693 2592 758 2640 Cum
772 2589 852 2655 igitur
869 2590 994 2642 semitam
1015 2589 1137 2641 silicibus
1158 2592 1270 2640 stratam

124 2697 199 2736 ·oras
211 2685 298 2751 stagni
311 2686 425 2750 positam
438 2687 586 2752 equitando
600 2689 735 2754 transiret,
746 2701 778 2739 ae
791 2690 830 2740 vis
841 2690 965 2741 omnium
975 2695 1117 2741 ventorum
1131 2677 1268 2752 cessisset,

124 2797 152 2833 rm
166 2784 326 2848 repentinus
339 2784 428 2837 subito
451 2799 466 2836 a
479 2785 597 2837 sinistris
620 2786 699 2838 irruit
712 2787 791 2839 turbo
813 2793 841 2839 et
853 2801 954 2853 equum
967 2794 993 2840 et
1006 2788 1127 2853 equitem
1140 2786 1272 2839 demersit
1352 2833 1355 2839 .

124 2883 226 2947 rgitem.
238 2885 391 2935 decurrunt
400 2897 497 2936 omnes
505 2885 539 2936 ad
550 2890 652 2937 tantam
667 2886 713 2937 liei
723 2885 1084 2954 omnipotentisvirrdictam,
1099 2892 1125 2938 et
1140 2887 1271 2939 miserum

124 2980 207 3033 lundo
228 2981 348 3034 lluminis
360 2983 520 3035 semivivum
534 2985 705 3036 abstrabunt.
720 2988 842 3037 Attamen
855 2986 975 3051 sonipes,
989 2987 1035 3051 qui
1049 2986 1159 3038 sceleris
1172 2986 1274 3038 exstitit

124 3092 186 3144 eps,
201 3081 351 3132 exstinctus
371 3083 423 3133 sub
443 3084 521 3148 aquis
534 3083 639 3134 debitas
661 3095 763 3147 poenas
785 3084 842 3135 luit.
857 3083 905 3135 llle
926 3092 1016 3135 autern
1039 3090 1100 3149 post
1120 3083 1188 3135 haec
1201 3083 1273 3135 simi-

124 3193 289 3245 reguaquam
303 3182 449 3247 commisit,
463 3183 609 3248 castigatus
622 3184 795 3248 correptione
808 3183 865 3234 tali.

124 3319 126 3330 .
146 3279 281 3341 Quaedam
303 3281 403 3345 puella,
417 3282 491 3333 illius
513 3282 564 3332 loci
579 3282 676 3348 incola,
693 3283 727 3334 ab
749 3283 891 3335 immundo
914 3282 1048 3335 daemone
1061 3283 1149 3334 luerat
1161 3289 1269 3347 arrepta

124 3378 205 3430 nediu
228 3380 315 3430 noctis
337 3385 468 3444 tempore.
483 3384 555 3443 Quae
577 3380 624 3432 ubi
647 3395 662 3431 a
686 3383 743 3432 suis
757 3382 1044 3447 parentibusadducta
1057 3386 1098 3434 est
1118 3388 1181 3433 ante
1195 3383 1268 3432 miri·

124 3479 203 3529 >tanti
218 3479 302 3530 nostri
323 3479 445 3531 advocati
468 3480 614 3543 tumulum,
628 3481 717 3545 coepit
738 3480 824 3531 audax
846 3493 975 3545 pervasor
995 3480 1044 3533 Dei
1058 3479 1177 3533 fabricae
1190 3481 1267 3532 illum

124 3577 298 3642 sbujusmodi
311 3577 478 3630 lacessorcet
488 3580 615 3631 miseram
629 3579 696 3630 diris
706 3580 871 3631 cruciatibus
881 3579 1113 3646 ‹liscer·pere:Err,
1128 3580 1267 3646 inquiens

124 3675 212 3736 dicte,
223 3690 325 3742 cespes
335 3678 552 3743 vetustissime,
564 3679 639 3744 quid
651 3679 737 3732 trabis
750 3682 848 3732 tectim
858 3694 1019 3734 commemo
1031 3682 1043 3734 l
1059 3682 1117 3734 Cur·
1128 3683 1269 3733 mortuus

124 3776 224 3840 prieris,
238 3777 294 3842 qni
313 3777 417 3830 vicens
431 3792 584 3844 aruspicum
597 3792 730 3845 regnare
751 3780 868 3833 alicubi
875 3781 1076 3847 permisisti?
1090 3781 1169 3840 Qur'ct
1182 3780 1268 3833 nobis

124 3876 141 3923 ιι·
153 3876 164 3926 i
175 3875 221 3928 Nc
232 3888 328 3942 careo,
343 3877 481 3929 obtestor.
497 3879 628 3943 Propter·
641 3881 668 3930 te
682 3878 755 3945 [nort
768 3880 877 3945 atrapis]
891 3879 972 3932 bone
984 3880 1163 3946 relinquant
1175 3893 1268 3946 quarn

124 3975 310 4026 tersimr'lerrr
331 3976 523 4042 decrepitum
535 3990 647 4030 serrem.
662 3982 733 4030 llaec
754 3979 844 4030 etalio
865 3981 934 4045 [qui]
956 3980 1111 4043 audierant,
1125 3980 1183 4032 solo
1207 3993 1266 4045 pro·

129 4080 277 4139 coeperunt
289 4088 402 4127 exorare
415 4077 587 4128 clementiam
601 4078 801 4142 omnipotentis
814 4084 842 4129 ut
855 4080 928 4130 bunc
943 4080 1091 4144 exprelleret
1110 4080 1142 4131 ad
1157 4078 1266 4131 laudern

124 4187 210 4226 rorem
223 4175 344 4226 nominis
365 4176 416 4238 sui,
431 4177 552 4239 placatus
565 4177 669 4228 meritis
681 4178 843 4229 sanctissimi
865 4177 958 4231 dilecti
972 4180 1013 4230 sui
1028 4178 1174 4231 Benedicti.
1189 4183 1267 4232 Gum-

124 4282 161 4324 sta
182 4276 362 4339 irrrplorarent
385 4275 495 4327 litaniae
516 4276 652 4341 adjunctis
671 4278 808 4340 precibus,
828 4279 957 4344 antiquus
978 4280 1023 4330 ille
1048 4280 1141 4341 bostis,
1162 4280 1265 4343 plasma

124 4387 198 4438 ruens
211 4374 356 4431 Creatoris,
370 4388 431 4425 cum
446 4387 542 4441 magno
556 4376 657 4442 gemitu
671 4377 744 4428 vocis
758 4377 886 4440 fugiendo
900 4378 1035 4430 discessit.

143 4477 286 4524 Pureterea
307 4474 418 4538 quidam
440 4476 540 4525 exstitit
553 4475 690 4539 praeditus
704 4477 818 4534 bonore,
833 4477 879 4528 sed
898 4477 1005 4530 deditus
1029 4478 1150 4530 moribus
1163 4477 1263 4544 pravis,

124 4574 206 4639 pbus,
219 4571 362 4637 cujusdam
383 4575 462 4625 castri
478 4575 615 4639 dominus,
628 4575 701 4640 quod
717 4577 831 4628 Pulclrra
844 4577 929 4629 Arbor
941 4576 1049 4628 dicitur.
1065 4578 1112 4629 llic
1124 4576 1260 4644 siquidem
