<?xml version="1.0" encoding="UTF-8"?>
<!DOCTYPE html PUBLIC "-//W3C//DTD XHTML 1.0 Transitional//EN"
    "http://www.w3.org/TR/xhtml1/DTD/xhtml1-transitional.dtd">
<html xmlns="http://www.w3.org/1999/xhtml" xml:lang="en" lang="en">
 <head>
  <title>
</title>
<meta http-equiv="Content-Type" content="text/html;charset=utf-8" />
  <meta name='ocr-system' content='tesseract 3.04.00' />
  <meta name='ocr-capabilities' content='ocr_page ocr_carea ocr_par ocr_line ocrx_word'/>
</head>
<body>
  <div class='ocr_page' id='page_1' title='image "./cataloguscodicu00manugoog_0175.png"; bbox 0 0 3076 5498; ppageno 0'>
   <div class='ocr_carea' id='block_1_1' title="bbox 258 302 1135 370">
    <p class='ocr_par' dir='ltr' id='par_1_1' title="bbox 258 302 1135 370">
     <span class='ocr_line' id='line_1_1' title="bbox 258 302 1135 370; baseline -0.009 0"><span class='ocrx_word' id='word_1_1' title='bbox 258 302 323 370; x_wconf 84' lang='lat'><strong>162</strong></span> <span class='ocrx_word' id='word_1_2' title='bbox 596 316 722 366; x_wconf 74' lang='lat' dir='ltr'><strong>caran.</strong></span> <span class='ocrx_word' id='word_1_3' title='bbox 742 314 842 365; x_wconf 88' lang='lat' dir='ltr'><strong>cono.</strong></span> <span class='ocrx_word' id='word_1_4' title='bbox 859 313 1035 364; x_wconf 70' lang='lat' dir='ltr'><strong>diolcon.</strong></span> <span class='ocrx_word' id='word_1_5' title='bbox 1054 312 1135 362; x_wconf 77' lang='lat' dir='ltr'><strong>ner.</strong></span> 
     </span>
    </p>
   </div>
   <div class='ocr_carea' id='block_1_2' title="bbox 254 482 1537 1745">
    <p class='ocr_par' dir='ltr' id='par_1_2' title="bbox 254 482 1537 1745">
     <span class='ocr_line' id='line_1_2' title="bbox 254 482 1496 550; baseline -0.006 -9"><span class='ocrx_word' id='word_1_6' title='bbox 254 491 408 542; x_wconf 86' lang='lat' dir='ltr'><strong>utsanctus</strong></span> <span class='ocrx_word' id='word_1_7' title='bbox 420 487 466 539; x_wconf 88' lang='lat' dir='ltr'><strong>bei</strong></span> <span class='ocrx_word' id='word_1_8' title='bbox 484 484 629 538; x_wconf 80' lang='lat' dir='ltr'><strong>Nicbolaus</strong></span> <span class='ocrx_word' id='word_1_9' title='bbox 650 497 700 537; x_wconf 89' lang='lat' dir='ltr'><strong>sua</strong></span> <span class='ocrx_word' id='word_1_10' title='bbox 720 483 832 550; x_wconf 85' lang='lat' dir='ltr'><strong>antiqua</strong></span> <span class='ocrx_word' id='word_1_11' title='bbox 854 483 956 536; x_wconf 88' lang='lat' dir='ltr'><strong>nostris</strong></span> <span class='ocrx_word' id='word_1_12' title='bbox 976 483 1147 548; x_wconf 78' lang='lat' dir='ltr'><strong>temporibus</strong></span> <span class='ocrx_word' id='word_1_13' title='bbox 1168 488 1316 536; x_wconf 85' lang='lat' dir='ltr'><strong>renovaret</strong></span> <span class='ocrx_word' id='word_1_14' title='bbox 1337 482 1496 548; x_wconf 87' lang='lat' dir='ltr'><strong>miracuia;</strong></span> 
     </span>
     <span class='ocr_line' id='line_1_3' title="bbox 255 581 1497 648; baseline -0.006 -8"><span class='ocrx_word' id='word_1_15' title='bbox 255 585 331 640; x_wconf 89' lang='lat' dir='ltr'><strong>unde</strong></span> <span class='ocrx_word' id='word_1_16' title='bbox 351 585 397 639; x_wconf 92' lang='lat' dir='ltr'><strong>ille</strong></span> <span class='ocrx_word' id='word_1_17' title='bbox 418 584 586 638; x_wconf 77' lang='lat' dir='ltr'><strong>cantantium</strong></span> <span class='ocrx_word' id='word_1_18' title='bbox 608 584 707 637; x_wconf 89' lang='lat' dir='ltr'><strong>chorus</strong></span> <span class='ocrx_word' id='word_1_19' title='bbox 729 584 860 636; x_wconf 77' lang='lat' dir='ltr'>reboabat</span> <span class='ocrx_word' id='word_1_20' title='bbox 876 583 945 636; x_wconf 74' lang='lat' dir='ltr'><strong>:Ec</strong></span> <span class='ocrx_word' id='word_1_21' title='bbox 964 582 1031 648; x_wconf 72' lang='lat' dir='ltr'><strong>ejus</strong></span> <span class='ocrx_word' id='word_1_22' title='bbox 1049 581 1153 635; x_wconf 80' lang='lat' dir='ltr'><strong>tumba</strong></span> <span class='ocrx_word' id='word_1_23' title='bbox 1164 592 1349 634; x_wconf 80' lang='lat' dir='ltr'><strong>marmorea</strong></span> <span class='ocrx_word' id='word_1_24' title='bbox 1363 593 1497 634; x_wconf 62' lang='lat' dir='ltr'><strong>sacram</strong></span> 
     </span>
     <span class='ocr_line' id='line_1_4' title="bbox 254 681 1497 752; baseline -0.005 -13"><span class='ocrx_word' id='word_1_25' title='bbox 254 686 385 739; x_wconf 75' lang='lat' dir='ltr'><strong><em>resudat</em></strong></span> <span class='ocrx_word' id='word_1_26' title='bbox 405 686 516 751; x_wconf 81' lang='lat' dir='ltr'><strong>oleum,</strong></span> <span class='ocrx_word' id='word_1_27' title='bbox 535 697 594 752; x_wconf 78' lang='lat' dir='ltr'><strong>qao</strong></span> <span class='ocrx_word' id='word_1_28' title='bbox 616 684 703 736; x_wconf 83' lang='lat' dir='ltr'><strong>liniti</strong></span> <span class='ocrx_word' id='word_1_29' title='bbox 722 685 883 736; x_wconf 76' lang='lat' dir='ltr'><strong>sananim·</strong></span> <span class='ocrx_word' id='word_1_30' title='bbox 903 683 1116 748; x_wconf 60' lang='lat' dir='ltr'><strong>commeantis</strong></span> <span class='ocrx_word' id='word_1_31' title='bbox 1136 682 1269 737; x_wconf 82' lang='lat' dir='ltr'><strong>auditus</strong></span> <span class='ocrx_word' id='word_1_32' title='bbox 1291 681 1449 735; x_wconf 79' lang='lat' dir='ltr'><strong>redditur</strong></span> <span class='ocrx_word' id='word_1_33' title='bbox 1469 684 1497 734; x_wconf 85' lang='lat' dir='ltr'><strong>et</strong></span> 
     </span>
     <span class='ocr_line' id='line_1_5' title="bbox 256 770 1496 850; baseline -0.006 -13"><span class='ocrx_word' id='word_1_34' title='bbox 256 784 368 837; x_wconf 82' lang='lat' dir='ltr'><strong>debilis</strong></span> <span class='ocrx_word' id='word_1_35' title='bbox 388 782 517 850; x_wconf 73' lang='lat' dir='ltr'><strong>quasque</strong></span> <span class='ocrx_word' id='word_1_36' title='bbox 536 795 640 848; x_wconf 88' lang='lat' dir='ltr'><strong>sospes</strong></span> <span class='ocrx_word' id='word_1_37' title='bbox 660 770 848 848; x_wconf 62' lang='lat' dir='ltr'><strong>reprenditur.</strong></span> <span class='ocrx_word' id='word_1_38' title='bbox 871 781 920 834; x_wconf 81' lang='lat' dir='ltr'><strong>Cui</strong></span> <span class='ocrx_word' id='word_1_39' title='bbox 940 788 1003 834; x_wconf 89' lang='lat' dir='ltr'><strong>ante</strong></span> <span class='ocrx_word' id='word_1_40' title='bbox 1025 782 1110 834; x_wconf 88' lang='lat' dir='ltr'><strong>altare</strong></span> <span class='ocrx_word' id='word_1_41' title='bbox 1131 782 1219 847; x_wconf 91' lang='lat' dir='ltr'><strong>posito</strong></span> <span class='ocrx_word' id='word_1_42' title='bbox 1241 794 1343 835; x_wconf 88' lang='lat' dir='ltr'><strong>omnes</strong></span> <span class='ocrx_word' id='word_1_43' title='bbox 1369 780 1496 833; x_wconf 74' lang='lat' dir='ltr'><strong>certatim</strong></span> 
     </span>
     <span class='ocr_line' id='line_1_6' title="bbox 255 879 1526 951; baseline -0.005 -15"><span class='ocrx_word' id='word_1_44' title='bbox 255 883 355 951; x_wconf 79' lang='lat' dir='ltr'><strong>caligas</strong></span> <span class='ocrx_word' id='word_1_45' title='bbox 373 883 530 935; x_wconf 88' lang='lat' dir='ltr'><strong>detrabunt.</strong></span> <span class='ocrx_word' id='word_1_46' title='bbox 552 885 619 935; x_wconf 83' lang='lat' dir='ltr'><strong>Tum</strong></span> <span class='ocrx_word' id='word_1_47' title='bbox 641 895 706 935; x_wconf 86' lang='lat' dir='ltr'><strong>vero</strong></span> <span class='ocrx_word' id='word_1_48' title='bbox 727 880 893 947; x_wconf 89' lang='lat' dir='ltr'><strong>stupendum</strong></span> <span class='ocrx_word' id='word_1_49' title='bbox 915 886 942 934; x_wconf 90' lang='lat' dir='ltr'><strong>et</strong></span> <span class='ocrx_word' id='word_1_50' title='bbox 961 886 1049 934; x_wconf 87' lang='lat' dir='ltr'><strong>aetate</strong></span> <span class='ocrx_word' id='word_1_51' title='bbox 1069 886 1163 934; x_wconf 88' lang='lat' dir='ltr'><strong>nostra</strong></span> <span class='ocrx_word' id='word_1_52' title='bbox 1184 879 1344 934; x_wconf 88' lang='lat' dir='ltr'><strong>inauditum</strong></span> <span class='ocrx_word' id='word_1_53' title='bbox 1371 879 1494 932; x_wconf 77' lang='lat' dir='ltr'><strong>vidimus</strong></span> <span class='ocrx_word' id='word_1_54' title='bbox 1511 880 1526 930; x_wconf 80' lang='lat'><strong>5</strong></span> 
     </span>
     <span class='ocr_line' id='line_1_7' title="bbox 258 977 1498 1048; baseline -0.005 -14"><span class='ocrx_word' id='word_1_55' title='bbox 258 980 384 1035; x_wconf 89' lang='lat' dir='ltr'><strong>mirabile</strong></span> <span class='ocrx_word' id='word_1_56' title='bbox 396 982 544 1048; x_wconf 80' lang='lat' dir='ltr'>quoddam.</span> <span class='ocrx_word' id='word_1_57' title='bbox 560 983 627 1033; x_wconf 84' lang='lat' dir='ltr'><strong>llam</strong></span> <span class='ocrx_word' id='word_1_58' title='bbox 639 993 787 1034; x_wconf 80' lang='lat' dir='ltr'><strong>nervorum</strong></span> <span class='ocrx_word' id='word_1_59' title='bbox 800 981 900 1046; x_wconf 87' lang='lat' dir='ltr'><strong>quibus</strong></span> <span class='ocrx_word' id='word_1_60' title='bbox 918 984 1000 1033; x_wconf 88' lang='lat' dir='ltr'><strong>antea</strong></span> <span class='ocrx_word' id='word_1_61' title='bbox 1018 980 1182 1034; x_wconf 87' lang='lat' dir='ltr'><strong>constrictus</strong></span> <span class='ocrx_word' id='word_1_62' title='bbox 1199 980 1290 1033; x_wconf 86' lang='lat' dir='ltr'><strong>luerat</strong></span> <span class='ocrx_word' id='word_1_63' title='bbox 1307 978 1433 1032; x_wconf 83' lang='lat' dir='ltr'><strong>vinculis</strong></span> <span class='ocrx_word' id='word_1_64' title='bbox 1446 977 1498 1029; x_wconf 90' lang='lat' dir='ltr'><strong>dis·</strong></span> 
     </span>
     <span class='ocr_line' id='line_1_8' title="bbox 257 1079 1498 1148; baseline -0.003 -14"><span class='ocrx_word' id='word_1_65' title='bbox 257 1081 363 1144; x_wconf 89' lang='lat' dir='ltr'><strong>solutis,</strong></span> <span class='ocrx_word' id='word_1_66' title='bbox 377 1081 539 1148; x_wconf 88' lang='lat' dir='ltr'><strong>sanguinem</strong></span> <span class='ocrx_word' id='word_1_67' title='bbox 560 1080 685 1145; x_wconf 78' lang='lat' dir='ltr'><strong>erupisse</strong></span> <span class='ocrx_word' id='word_1_68' title='bbox 705 1081 908 1145; x_wconf 81' lang='lat' dir='ltr'><strong>conspeximus,</strong></span> <span class='ocrx_word' id='word_1_69' title='bbox 922 1079 969 1146; x_wconf 82' lang='lat' dir='ltr'><strong>qui</strong></span> <span class='ocrx_word' id='word_1_70' title='bbox 991 1079 1025 1132; x_wconf 91' lang='lat' dir='ltr'><strong>ad</strong></span> <span class='ocrx_word' id='word_1_71' title='bbox 1047 1086 1148 1133; x_wconf 87' lang='lat' dir='ltr'><strong>terram</strong></span> <span class='ocrx_word' id='word_1_72' title='bbox 1169 1092 1257 1146; x_wconf 87' lang='lat' dir='ltr'><strong>usque</strong></span> <span class='ocrx_word' id='word_1_73' title='bbox 1271 1092 1322 1145; x_wconf 91' lang='lat' dir='ltr'><strong>per</strong></span> <span class='ocrx_word' id='word_1_74' title='bbox 1334 1080 1401 1145; x_wconf 86' lang='lat' dir='ltr'><strong>ejus</strong></span> <span class='ocrx_word' id='word_1_75' title='bbox 1420 1092 1498 1132; x_wconf 89' lang='lat' dir='ltr'><strong>suras</strong></span> 
     </span>
     <span class='ocr_line' id='line_1_9' title="bbox 258 1176 1498 1245; baseline -0.002 -14"><span class='ocrx_word' id='word_1_76' title='bbox 258 1179 394 1244; x_wconf 90' lang='lat' dir='ltr'><strong>delluens,</strong></span> <span class='ocrx_word' id='word_1_77' title='bbox 407 1180 513 1231; x_wconf 89' lang='lat' dir='ltr'><strong>cunctis</strong></span> <span class='ocrx_word' id='word_1_78' title='bbox 525 1178 599 1245; x_wconf 88' lang='lat' dir='ltr'><strong>quod</strong></span> <span class='ocrx_word' id='word_1_79' title='bbox 621 1178 720 1231; x_wconf 85' lang='lat' dir='ltr'><strong>lactum</strong></span> <span class='ocrx_word' id='word_1_80' title='bbox 733 1183 791 1231; x_wconf 89' lang='lat' dir='ltr'><strong>erat</strong></span> <span class='ocrx_word' id='word_1_81' title='bbox 803 1178 832 1229; x_wconf 92' lang='lat' dir='ltr'><strong>in</strong></span> <span class='ocrx_word' id='word_1_82' title='bbox 846 1191 878 1231; x_wconf 90' lang='lat' dir='ltr'><strong>eo</strong></span> <span class='ocrx_word' id='word_1_83' title='bbox 892 1177 1016 1230; x_wconf 88' lang='lat' dir='ltr'><strong>sanitatis</strong></span> <span class='ocrx_word' id='word_1_84' title='bbox 1028 1179 1134 1245; x_wconf 90' lang='lat' dir='ltr'><strong>signum</strong></span> <span class='ocrx_word' id='word_1_85' title='bbox 1156 1176 1329 1243; x_wconf 85' lang='lat' dir='ltr'><strong>propalabat.</strong></span> <span class='ocrx_word' id='word_1_86' title='bbox 1345 1177 1416 1231; x_wconf 91' lang='lat' dir='ltr'><strong>lnde</strong></span> <span class='ocrx_word' id='word_1_87' title='bbox 1429 1190 1498 1230; x_wconf 78' lang='lat' dir='ltr'><strong>nora</strong></span> 
     </span>
     <span class='ocr_line' id='line_1_10' title="bbox 258 1275 1498 1343; baseline -0.002 -12"><span class='ocrx_word' id='word_1_88' title='bbox 258 1291 312 1331; x_wconf 90' lang='lat' dir='ltr'><strong>res.</strong></span> <span class='ocrx_word' id='word_1_89' title='bbox 325 1277 431 1330; x_wconf 84' lang='lat' dir='ltr'><strong>scilicet</strong></span> <span class='ocrx_word' id='word_1_90' title='bbox 443 1276 534 1343; x_wconf 92' lang='lat' dir='ltr'><strong>coepit</strong></span> <span class='ocrx_word' id='word_1_91' title='bbox 547 1290 575 1330; x_wconf 92' lang='lat' dir='ltr'><strong>se</strong></span> <span class='ocrx_word' id='word_1_92' title='bbox 587 1278 708 1343; x_wconf 89' lang='lat' dir='ltr'><strong>primum</strong></span> <span class='ocrx_word' id='word_1_93' title='bbox 719 1278 899 1343; x_wconf 78' lang='lat' dir='ltr'><strong>praemortuis</strong></span> <span class='ocrx_word' id='word_1_94' title='bbox 920 1277 1052 1330; x_wconf 91' lang='lat' dir='ltr'><strong>membris</strong></span> <span class='ocrx_word' id='word_1_95' title='bbox 1073 1278 1149 1331; x_wconf 78' lang='lat' dir='ltr'><strong>vivax</strong></span> <span class='ocrx_word' id='word_1_96' title='bbox 1162 1275 1313 1330; x_wconf 86' lang='lat' dir='ltr'><strong>infundere</strong></span> <span class='ocrx_word' id='word_1_97' title='bbox 1326 1283 1422 1342; x_wconf 89' lang='lat' dir='ltr'><strong>tepor,</strong></span> <span class='ocrx_word' id='word_1_98' title='bbox 1435 1289 1498 1329; x_wconf 88' lang='lat' dir='ltr'><strong>caro</strong></span> 
     </span>
     <span class='ocr_line' id='line_1_11' title="bbox 258 1375 1537 1445; baseline -0.003 -15"><span class='ocrx_word' id='word_1_99' title='bbox 258 1382 426 1445; x_wconf 77' lang='lat' dir='ltr'><strong>turgescere,</strong></span> <span class='ocrx_word' id='word_1_100' title='bbox 440 1391 523 1431; x_wconf 90' lang='lat' dir='ltr'><strong>surae</strong></span> <span class='ocrx_word' id='word_1_101' title='bbox 539 1383 621 1444; x_wconf 85' lang='lat' dir='ltr'><strong>atque</strong></span> <span class='ocrx_word' id='word_1_102' title='bbox 641 1378 720 1430; x_wconf 89' lang='lat' dir='ltr'><strong>bases</strong></span> <span class='ocrx_word' id='word_1_103' title='bbox 741 1391 923 1444; x_wconf 82' lang='lat' dir='ltr'><strong>succrescere,</strong></span> <span class='ocrx_word' id='word_1_104' title='bbox 944 1376 1060 1440; x_wconf 85' lang='lat' dir='ltr'><strong>distorta</strong></span> <span class='ocrx_word' id='word_1_105' title='bbox 1080 1381 1162 1443; x_wconf 80' lang='lat' dir='ltr'><strong>atque</strong></span> <span class='ocrx_word' id='word_1_106' title='bbox 1182 1375 1298 1444; x_wconf 78' lang='lat' dir='ltr'><strong>gibboso</strong></span> <span class='ocrx_word' id='word_1_107' title='bbox 1325 1376 1445 1443; x_wconf 84' lang='lat' dir='ltr'><strong>vestigia</strong></span> <span class='ocrx_word' id='word_1_108' title='bbox 1468 1375 1497 1428; x_wconf 89' lang='lat' dir='ltr'><strong>in</strong></span> <span class='ocrx_word' id='word_1_109' title='bbox 1514 1375 1537 1427; x_wconf 86' lang='lat' dir='ltr'><strong>lt</strong></span> 
     </span>
     <span class='ocr_line' id='line_1_12' title="bbox 256 1474 1497 1543; baseline 0 -16"><span class='ocrx_word' id='word_1_110' title='bbox 256 1475 357 1543; x_wconf 89' lang='lat' dir='ltr'><strong>pedum</strong></span> <span class='ocrx_word' id='word_1_111' title='bbox 389 1476 500 1529; x_wconf 90' lang='lat' dir='ltr'><strong>modum</strong></span> <span class='ocrx_word' id='word_1_112' title='bbox 529 1477 675 1537; x_wconf 86' lang='lat' dir='ltr'><strong>demutari,</strong></span> <span class='ocrx_word' id='word_1_113' title='bbox 706 1474 919 1542; x_wconf 89' lang='lat' dir='ltr'><strong>pubescentibus</strong></span> <span class='ocrx_word' id='word_1_114' title='bbox 938 1474 1001 1528; x_wconf 90' lang='lat' dir='ltr'><strong>ilico</strong></span> <span class='ocrx_word' id='word_1_115' title='bbox 1024 1475 1132 1528; x_wconf 89' lang='lat' dir='ltr'><strong>arteriis</strong></span> <span class='ocrx_word' id='word_1_116' title='bbox 1166 1478 1194 1527; x_wconf 91' lang='lat' dir='ltr'><strong>et</strong></span> <span class='ocrx_word' id='word_1_117' title='bbox 1222 1475 1380 1542; x_wconf 84' lang='lat' dir='ltr'><strong>unguibus.</strong></span> <span class='ocrx_word' id='word_1_118' title='bbox 1413 1477 1497 1527; x_wconf 87' lang='lat' dir='ltr'><strong>Nemo</strong></span> 
     </span>
     <span class='ocr_line' id='line_1_13' title="bbox 257 1571 1497 1640; baseline -0.002 -14"><span class='ocrx_word' id='word_1_119' title='bbox 257 1585 352 1627; x_wconf 89' lang='lat' dir='ltr'><strong>eorum</strong></span> <span class='ocrx_word' id='word_1_120' title='bbox 366 1574 413 1640; x_wconf 86' lang='lat' dir='ltr'><strong>qui</strong></span> <span class='ocrx_word' id='word_1_121' title='bbox 426 1574 464 1626; x_wconf 93' lang='lat' dir='ltr'><strong>ibi</strong></span> <span class='ocrx_word' id='word_1_122' title='bbox 476 1573 592 1627; x_wconf 89' lang='lat' dir='ltr'><strong>aderant</strong></span> <span class='ocrx_word' id='word_1_123' title='bbox 612 1571 681 1627; x_wconf 91' lang='lat' dir='ltr'><strong>haec</strong></span> <span class='ocrx_word' id='word_1_124' title='bbox 701 1573 928 1639; x_wconf 89' lang='lat' dir='ltr'><strong>prospicientium</strong></span> <span class='ocrx_word' id='word_1_125' title='bbox 941 1586 956 1626; x_wconf 88' lang='lat' dir='ltr'><strong>a</strong></span> <span class='ocrx_word' id='word_1_126' title='bbox 970 1571 1035 1626; x_wconf 82' lang='lat' dir='ltr'><strong>fletu</strong></span> <span class='ocrx_word' id='word_1_127' title='bbox 1054 1586 1083 1625; x_wconf 92' lang='lat' dir='ltr'><strong>se</strong></span> <span class='ocrx_word' id='word_1_128' title='bbox 1104 1573 1233 1626; x_wconf 87' lang='lat' dir='ltr'><strong>cohibere</strong></span> <span class='ocrx_word' id='word_1_129' title='bbox 1245 1576 1380 1638; x_wconf 73' lang='lat' dir='ltr'><strong>poterat,</strong></span> <span class='ocrx_word' id='word_1_130' title='bbox 1395 1585 1497 1626; x_wconf 87' lang='lat' dir='ltr'><strong>nomen</strong></span> 
     </span>
     <span class='ocr_line' id='line_1_14' title="bbox 260 1669 1496 1745; baseline -0.001 -21"><span class='ocrx_word' id='word_1_131' title='bbox 260 1672 367 1725; x_wconf 87' lang='lat' dir='ltr'><strong>bomini</strong></span> <span class='ocrx_word' id='word_1_132' title='bbox 388 1673 568 1739; x_wconf 89' lang='lat' dir='ltr'><strong>benedicitur,</strong></span> <span class='ocrx_word' id='word_1_133' title='bbox 582 1673 628 1740; x_wconf 82' lang='lat' dir='ltr'><strong>qui</strong></span> <span class='ocrx_word' id='word_1_134' title='bbox 651 1677 724 1745; x_wconf 86' lang='lat' dir='ltr'><strong>tanta</strong></span> <span class='ocrx_word' id='word_1_135' title='bbox 745 1685 777 1725; x_wconf 88' lang='lat' dir='ltr'><strong>ac</strong></span> <span class='ocrx_word' id='word_1_136' title='bbox 797 1672 862 1726; x_wconf 88' lang='lat' dir='ltr'><strong>talia</strong></span> <span class='ocrx_word' id='word_1_137' title='bbox 882 1685 930 1738; x_wconf 90' lang='lat' dir='ltr'><strong>per</strong></span> <span class='ocrx_word' id='word_1_138' title='bbox 951 1684 1045 1724; x_wconf 87' lang='lat' dir='ltr'><strong>servos</strong></span> <span class='ocrx_word' id='word_1_139' title='bbox 1065 1684 1131 1725; x_wconf 91' lang='lat' dir='ltr'><strong>suos</strong></span> <span class='ocrx_word' id='word_1_140' title='bbox 1152 1669 1446 1738; x_wconf 86' lang='lat' dir='ltr'><strong>magnificeoperatur</strong></span> <span class='ocrx_word' id='word_1_141' title='bbox 1463 1671 1496 1724; x_wconf 90' lang='lat' dir='ltr'><strong>ad</strong></span> 
     </span>
    </p>
   </div>
   <div class='ocr_carea' id='block_1_3' title="bbox 163 1769 1496 1840">
    <p class='ocr_par' dir='ltr' id='par_1_3' title="bbox 163 1769 1496 1840">
     <span class='ocr_line' id='line_1_15' title="bbox 163 1769 1496 1840; baseline -0.001 -18"><span class='ocrx_word' id='word_1_142' title='bbox 163 1805 166 1812; x_wconf 82' lang='lat'><em>·</em></span> <span class='ocrx_word' id='word_1_143' title='bbox 258 1770 369 1824; x_wconf 89' lang='lat' dir='ltr'><strong>laudem</strong></span> <span class='ocrx_word' id='word_1_144' title='bbox 389 1777 417 1823; x_wconf 92' lang='grc'><strong>61</strong></span> <span class='ocrx_word' id='word_1_145' title='bbox 434 1772 548 1840; x_wconf 88' lang='lat' dir='ltr'><strong>gloriam</strong></span> <span class='ocrx_word' id='word_1_146' title='bbox 570 1772 690 1825; x_wconf 91' lang='lat' dir='ltr'><strong>nominis</strong></span> <span class='ocrx_word' id='word_1_147' title='bbox 708 1772 759 1824; x_wconf 92' lang='lat' dir='ltr'><strong>sui.</strong></span> <span class='ocrx_word' id='word_1_148' title='bbox 783 1772 872 1824; x_wconf 72' lang='lat' dir='ltr'><strong>abbas</strong></span> <span class='ocrx_word' id='word_1_149' title='bbox 892 1784 1003 1838; x_wconf 82' lang='lat' dir='ltr'><strong>quoque</strong></span> <span class='ocrx_word' id='word_1_150' title='bbox 1024 1775 1051 1824; x_wconf 88' lang='lat' dir='ltr'><strong>et</strong></span> <span class='ocrx_word' id='word_1_151' title='bbox 1071 1769 1245 1824; x_wconf 84' lang='lat' dir='ltr'><strong>monachide</strong></span> <span class='ocrx_word' id='word_1_152' title='bbox 1265 1771 1375 1837; x_wconf 89' lang='lat' dir='ltr'><strong>proprii</strong></span> <span class='ocrx_word' id='word_1_153' title='bbox 1390 1771 1496 1838; x_wconf 88' lang='lat' dir='ltr'><strong>patroni</strong></span> 
     </span>
    </p>
   </div>
   <div class='ocr_carea' id='block_1_4' title="bbox 253 1868 1537 3122">
    <p class='ocr_par' dir='ltr' id='par_1_4' title="bbox 253 1868 1537 3122">
     <span class='ocr_line' id='line_1_16' title="bbox 257 1868 1537 1939; baseline -0.001 -17"><span class='ocrx_word' id='word_1_154' title='bbox 257 1870 430 1938; x_wconf 81' lang='lat' dir='ltr'><strong>gratulantur</strong></span> <span class='ocrx_word' id='word_1_155' title='bbox 444 1870 594 1925; x_wconf 81' lang='lat' dir='ltr'><strong>beneficiis.</strong></span> <span class='ocrx_word' id='word_1_156' title='bbox 608 1871 767 1939; x_wconf 78' lang='lat' dir='ltr'><strong>congaudet</strong></span> <span class='ocrx_word' id='word_1_157' title='bbox 787 1871 865 1937; x_wconf 88' lang='lat' dir='ltr'><strong>plebs</strong></span> <span class='ocrx_word' id='word_1_158' title='bbox 886 1871 1012 1936; x_wconf 90' lang='lat' dir='ltr'><strong>nimium,</strong></span> <span class='ocrx_word' id='word_1_159' title='bbox 1025 1883 1095 1936; x_wconf 83' lang='lat' dir='ltr'><strong>quae</strong></span> <span class='ocrx_word' id='word_1_160' title='bbox 1116 1869 1226 1922; x_wconf 81' lang='lat' dir='ltr'><strong>videbat</strong></span> <span class='ocrx_word' id='word_1_161' title='bbox 1239 1870 1294 1925; x_wconf 87' lang='lat' dir='ltr'><strong>hoc</strong></span> <span class='ocrx_word' id='word_1_162' title='bbox 1315 1871 1495 1923; x_wconf 80' lang='lat' dir='ltr'><strong>miraculum.</strong></span> <span class='ocrx_word' id='word_1_163' title='bbox 1512 1868 1537 1921; x_wconf 78' lang='lat' dir='ltr'><strong>tl</strong></span> 
     </span>
     <span class='ocr_line' id='line_1_17' title="bbox 260 1951 1497 2038; baseline 0.001 -18"><span class='ocrx_word' id='word_1_164' title='bbox 260 1972 337 2022; x_wconf 84' lang='lat' dir='ltr'><strong>blane</strong></span> <span class='ocrx_word' id='word_1_165' title='bbox 348 1969 431 2037; x_wconf 91' lang='lat' dir='ltr'><strong>igitur</strong></span> <span class='ocrx_word' id='word_1_166' title='bbox 441 1951 522 2035; x_wconf 83' lang='lat' dir='ltr'><strong>lacto,</strong></span> <span class='ocrx_word' id='word_1_167' title='bbox 534 1983 601 2038; x_wconf 84' lang='lat' dir='ltr'><strong>gens</strong></span> <span class='ocrx_word' id='word_1_168' title='bbox 613 1969 766 2037; x_wconf 75' lang='lat' dir='ltr'><strong>andegava,</strong></span> <span class='ocrx_word' id='word_1_169' title='bbox 780 1969 873 2023; x_wconf 85' lang='lat' dir='ltr'><strong>audito</strong></span> <span class='ocrx_word' id='word_1_170' title='bbox 885 1969 960 2037; x_wconf 80' lang='lat' dir='ltr'><strong>quod</strong></span> <span class='ocrx_word' id='word_1_171' title='bbox 977 1970 1122 2035; x_wconf 88' lang='lat' dir='ltr'><strong>acciderat,</strong></span> <span class='ocrx_word' id='word_1_172' title='bbox 1132 1969 1252 2022; x_wconf 89' lang='lat' dir='ltr'><strong>accurrit</strong></span> <span class='ocrx_word' id='word_1_173' title='bbox 1265 1969 1341 2022; x_wconf 86' lang='lat' dir='ltr'><strong>laeta</strong></span> <span class='ocrx_word' id='word_1_174' title='bbox 1354 1969 1392 2023; x_wconf 90' lang='lat' dir='ltr'><strong>ad</strong></span> <span class='ocrx_word' id='word_1_175' title='bbox 1405 1969 1497 2022; x_wconf 77' lang='lat' dir='ltr'><strong>viden-</strong></span> 
     </span>
     <span class='ocr_line' id='line_1_18' title="bbox 259 2067 1495 2136; baseline 0.002 -16"><span class='ocrx_word' id='word_1_176' title='bbox 259 2067 336 2121; x_wconf 89' lang='lat' dir='ltr'><strong>dum.</strong></span> <span class='ocrx_word' id='word_1_177' title='bbox 353 2071 477 2136; x_wconf 87' lang='lat' dir='ltr'><strong>Cumque</strong></span> <span class='ocrx_word' id='word_1_178' title='bbox 495 2070 580 2122; x_wconf 92' lang='lat' dir='ltr'><strong>multa</strong></span> <span class='ocrx_word' id='word_1_179' title='bbox 601 2069 709 2123; x_wconf 86' lang='lat' dir='ltr'><strong>adesset</strong></span> <span class='ocrx_word' id='word_1_180' title='bbox 732 2071 894 2136; x_wconf 92' lang='lat' dir='ltr'><strong>populorum</strong></span> <span class='ocrx_word' id='word_1_181' title='bbox 916 2069 1082 2136; x_wconf 82' lang='lat' dir='ltr'><strong>frequentia,</strong></span> <span class='ocrx_word' id='word_1_182' title='bbox 1103 2068 1150 2135; x_wconf 89' lang='lat' dir='ltr'><strong>qui</strong></span> <span class='ocrx_word' id='word_1_183' title='bbox 1174 2067 1208 2120; x_wconf 90' lang='lat' dir='ltr'><strong>ad</strong></span> <span class='ocrx_word' id='word_1_184' title='bbox 1230 2068 1284 2121; x_wconf 91' lang='lat' dir='ltr'><strong>boc</strong></span> <span class='ocrx_word' id='word_1_185' title='bbox 1305 2070 1495 2134; x_wconf 87' lang='lat' dir='ltr'><strong>spectaculum</strong></span> 
     </span>
     <span class='ocr_line' id='line_1_19' title="bbox 259 2152 1494 2236; baseline 0.006 -18"><span class='ocrx_word' id='word_1_186' title='bbox 259 2174 455 2233; x_wconf 78' lang='lat' dir='ltr'><strong>conuenerant,</strong></span> <span class='ocrx_word' id='word_1_187' title='bbox 468 2182 540 2221; x_wconf 90' lang='lat' dir='ltr'><strong>unus</strong></span> <span class='ocrx_word' id='word_1_188' title='bbox 561 2182 595 2221; x_wconf 83' lang='lat' dir='ltr'><strong>ex</strong></span> <span class='ocrx_word' id='word_1_189' title='bbox 615 2170 757 2221; x_wconf 87' lang='lat' dir='ltr'><strong>monachis</strong></span> <span class='ocrx_word' id='word_1_190' title='bbox 777 2169 810 2222; x_wconf 88' lang='lat' dir='ltr'><strong>ad</strong></span> <span class='ocrx_word' id='word_1_191' title='bbox 829 2170 914 2225; x_wconf 88' lang='lat' dir='ltr'><strong>altare</strong></span> <span class='ocrx_word' id='word_1_192' title='bbox 927 2152 1022 2236; x_wconf 87' lang='lat' dir='ltr'><strong>pergit,</strong></span> <span class='ocrx_word' id='word_1_193' title='bbox 1035 2169 1082 2222; x_wconf 91' lang='lat' dir='ltr'><strong>ubi</strong></span> <span class='ocrx_word' id='word_1_194' title='bbox 1095 2167 1185 2221; x_wconf 88' lang='lat' dir='ltr'><strong>adbuc</strong></span> <span class='ocrx_word' id='word_1_195' title='bbox 1194 2168 1308 2234; x_wconf 86' lang='lat' dir='ltr'><strong>juvenis</strong></span> <span class='ocrx_word' id='word_1_196' title='bbox 1326 2169 1494 2225; x_wconf 85' lang='lat' dir='ltr'><strong>decubabat.</strong></span> 
     </span>
     <span class='ocr_line' id='line_1_20' title="bbox 261 2263 1496 2334; baseline 0.004 -17"><span class='ocrx_word' id='word_1_197' title='bbox 261 2263 342 2331; x_wconf 88' lang='lat' dir='ltr'><strong>eique</strong></span> <span class='ocrx_word' id='word_1_198' title='bbox 356 2265 446 2318; x_wconf 85' lang='lat' dir='ltr'><strong>taliter</strong></span> <span class='ocrx_word' id='word_1_199' title='bbox 457 2265 537 2317; x_wconf 87' lang='lat' dir='ltr'><strong>iniit:</strong></span> <span class='ocrx_word' id='word_1_200' title='bbox 552 2266 683 2334; x_wconf 81' lang='lat' dir='ltr'><strong>Brienti,</strong></span> <span class='ocrx_word' id='word_1_201' title='bbox 700 2268 728 2319; x_wconf 84' lang='lat' dir='ltr'><strong>si</strong></span> <span class='ocrx_word' id='word_1_202' title='bbox 749 2280 823 2320; x_wconf 85' lang='lat' dir='ltr'><strong>vera</strong></span> <span class='ocrx_word' id='word_1_203' title='bbox 843 2271 919 2320; x_wconf 82' lang='lat' dir='ltr'><strong>sunt</strong></span> <span class='ocrx_word' id='word_1_204' title='bbox 939 2280 977 2321; x_wconf 86' lang='lat' dir='ltr'><strong>ea</strong></span> <span class='ocrx_word' id='word_1_205' title='bbox 995 2280 1074 2334; x_wconf 79' lang='lat' dir='ltr'><strong>qnae</strong></span> <span class='ocrx_word' id='word_1_206' title='bbox 1091 2265 1290 2334; x_wconf 73' lang='lat' dir='ltr'><strong>astipularis,</strong></span> <span class='ocrx_word' id='word_1_207' title='bbox 1306 2269 1335 2320; x_wconf 78' lang='lat' dir='ltr'><strong>te</strong></span> <span class='ocrx_word' id='word_1_208' title='bbox 1349 2268 1496 2322; x_wconf 79' lang='lat' dir='ltr'><strong>videlicet</strong></span> 
     </span>
     <span class='ocr_line' id='line_1_21' title="bbox 253 2361 1536 2432; baseline 0.002 -18"><span class='ocrx_word' id='word_1_209' title='bbox 253 2373 314 2427; x_wconf 84' lang='lat' dir='ltr'><strong>per</strong></span> <span class='ocrx_word' id='word_1_210' title='bbox 334 2361 415 2415; x_wconf 80' lang='lat' dir='ltr'><strong>beati</strong></span> <span class='ocrx_word' id='word_1_211' title='bbox 434 2362 580 2417; x_wconf 81' lang='lat' dir='ltr'><strong>Nicbolai</strong></span> <span class='ocrx_word' id='word_1_212' title='bbox 600 2364 714 2417; x_wconf 81' lang='lat' dir='ltr'><strong>merila</strong></span> <span class='ocrx_word' id='word_1_213' title='bbox 734 2365 902 2418; x_wconf 81' lang='lat' dir='ltr'><strong>sanitatem</strong></span> <span class='ocrx_word' id='word_1_214' title='bbox 922 2377 943 2417; x_wconf 86' lang='lat' dir='ltr'><strong>a</strong></span> <span class='ocrx_word' id='word_1_215' title='bbox 964 2364 1093 2418; x_wconf 78' lang='lat' dir='ltr'><strong>Domino</strong></span> <span class='ocrx_word' id='word_1_216' title='bbox 1111 2363 1302 2431; x_wconf 78' lang='lat' dir='ltr'><strong>percepisse,</strong></span> <span class='ocrx_word' id='word_1_217' title='bbox 1323 2368 1380 2418; x_wconf 85' lang='lat' dir='ltr'><strong>sta</strong></span> <span class='ocrx_word' id='word_1_218' title='bbox 1400 2378 1494 2432; x_wconf 82' lang='lat' dir='ltr'><strong>saper</strong></span> <span class='ocrx_word' id='word_1_219' title='bbox 1508 2364 1536 2416; x_wconf 80' lang='lat' dir='ltr'><strong>lo</strong></span> 
     </span>
     <span class='ocr_line' id='line_1_22' title="bbox 253 2459 1494 2530; baseline 0.006 -20"><span class='ocrx_word' id='word_1_220' title='bbox 253 2459 350 2525; x_wconf 86' lang='lat' dir='ltr'><strong>pedes</strong></span> <span class='ocrx_word' id='word_1_221' title='bbox 362 2463 430 2514; x_wconf 80' lang='lat' dir='ltr'><strong>tuoe</strong></span> <span class='ocrx_word' id='word_1_222' title='bbox 441 2464 556 2528; x_wconf 76' lang='lat' dir='ltr'><strong>rectae,</strong></span> <span class='ocrx_word' id='word_1_223' title='bbox 570 2462 722 2529; x_wconf 80' lang='lat' dir='ltr'><strong>quatinus</strong></span> <span class='ocrx_word' id='word_1_224' title='bbox 734 2462 785 2516; x_wconf 84' lang='lat' dir='ltr'><strong>bic</strong></span> <span class='ocrx_word' id='word_1_225' title='bbox 793 2465 942 2530; x_wconf 80' lang='lat' dir='ltr'><strong>populus,</strong></span> <span class='ocrx_word' id='word_1_226' title='bbox 956 2463 1011 2529; x_wconf 79' lang='lat' dir='ltr'><strong>qui</strong></span> <span class='ocrx_word' id='word_1_227' title='bbox 1021 2463 1064 2515; x_wconf 85' lang='lat' dir='ltr'><strong>ad</strong></span> <span class='ocrx_word' id='word_1_228' title='bbox 1076 2461 1132 2516; x_wconf 86' lang='lat' dir='ltr'><strong>boc</strong></span> <span class='ocrx_word' id='word_1_229' title='bbox 1143 2462 1297 2527; x_wconf 80' lang='lat' dir='ltr'><strong>convenit,</strong></span> <span class='ocrx_word' id='word_1_230' title='bbox 1308 2463 1423 2517; x_wconf 81' lang='lat' dir='ltr'><strong>uideat</strong></span> <span class='ocrx_word' id='word_1_231' title='bbox 1433 2477 1494 2518; x_wconf 77' lang='lat' dir='ltr'><strong>non</strong></span> 
     </span>
     <span class='ocr_line' id='line_1_23' title="bbox 260 2555 1495 2632; baseline 0.006 -22"><span class='ocrx_word' id='word_1_232' title='bbox 260 2555 443 2628; x_wconf 78' lang='lat' dir='ltr'><strong>fantastice,</strong></span> <span class='ocrx_word' id='word_1_233' title='bbox 456 2561 510 2614; x_wconf 83' lang='lat' dir='ltr'><strong>sed</strong></span> <span class='ocrx_word' id='word_1_234' title='bbox 522 2561 628 2615; x_wconf 82' lang='lat' dir='ltr'><strong>divino</strong></span> <span class='ocrx_word' id='word_1_235' title='bbox 640 2559 762 2630; x_wconf 76' lang='lat' dir='ltr'><strong>factum</strong></span> <span class='ocrx_word' id='word_1_236' title='bbox 773 2575 838 2615; x_wconf 85' lang='lat' dir='ltr'><strong>esse</strong></span> <span class='ocrx_word' id='word_1_237' title='bbox 850 2563 884 2615; x_wconf 83' lang='lat' dir='ltr'><strong>in</strong></span> <span class='ocrx_word' id='word_1_238' title='bbox 896 2561 1169 2628; x_wconf 56' lang='lat' dir='ltr'><strong>aperireapcrire</strong></span> <span class='ocrx_word' id='word_1_239' title='bbox 1181 2560 1217 2614; x_wconf 90' lang='lat' dir='ltr'><strong>de</strong></span> <span class='ocrx_word' id='word_1_240' title='bbox 1227 2565 1302 2615; x_wconf 90' lang='lat' dir='ltr'><strong>terra</strong></span> <span class='ocrx_word' id='word_1_241' title='bbox 1312 2575 1495 2632; x_wconf 83' lang='lat' dir='ltr'><strong>consurgens,</strong></span> 
     </span>
     <span class='ocr_line' id='line_1_24' title="bbox 261 2654 1497 2727; baseline 0.006 -19"><span class='ocrx_word' id='word_1_242' title='bbox 261 2654 295 2708; x_wconf 89' lang='lat' dir='ltr'><strong>ad</strong></span> <span class='ocrx_word' id='word_1_243' title='bbox 316 2656 401 2710; x_wconf 83' lang='lat' dir='ltr'><strong>aliare</strong></span> <span class='ocrx_word' id='word_1_244' title='bbox 422 2659 550 2723; x_wconf 83' lang='lat' dir='ltr'><strong>perrexit,</strong></span> <span class='ocrx_word' id='word_1_245' title='bbox 575 2659 704 2713; x_wconf 79' lang='lat' dir='ltr'><strong>deterens</strong></span> <span class='ocrx_word' id='word_1_246' title='bbox 725 2674 818 2713; x_wconf 85' lang='lat' dir='ltr'><strong>secum</strong></span> <span class='ocrx_word' id='word_1_247' title='bbox 843 2660 976 2713; x_wconf 90' lang='lat' dir='ltr'><strong>scabellos</strong></span> <span class='ocrx_word' id='word_1_248' title='bbox 999 2663 1026 2712; x_wconf 92' lang='lat' dir='ltr'><strong>et</strong></span> <span class='ocrx_word' id='word_1_249' title='bbox 1047 2658 1178 2725; x_wconf 88' lang='lat' dir='ltr'><strong>alveolos,</strong></span> <span class='ocrx_word' id='word_1_250' title='bbox 1201 2672 1264 2712; x_wconf 91' lang='lat' dir='ltr'><strong>cum</strong></span> <span class='ocrx_word' id='word_1_251' title='bbox 1290 2660 1397 2727; x_wconf 82' lang='lat' dir='ltr'><strong>quibus</strong></span> <span class='ocrx_word' id='word_1_252' title='bbox 1420 2666 1497 2715; x_wconf 76' lang='lat' dir='ltr'><strong>antea</strong></span> 
     </span>
     <span class='ocr_line' id='line_1_25' title="bbox 262 2756 1499 2826; baseline 0.005 -19"><span class='ocrx_word' id='word_1_253' title='bbox 262 2760 373 2821; x_wconf 89' lang='lat' dir='ltr'><strong>reptans</strong></span> <span class='ocrx_word' id='word_1_254' title='bbox 383 2756 569 2824; x_wconf 87' lang='lat' dir='ltr'><strong>gradiebatur,</strong></span> <span class='ocrx_word' id='word_1_255' title='bbox 583 2771 685 2825; x_wconf 83' lang='lat' dir='ltr'><strong>easque</strong></span> <span class='ocrx_word' id='word_1_256' title='bbox 701 2772 785 2825; x_wconf 89' lang='lat' dir='ltr'><strong>super</strong></span> <span class='ocrx_word' id='word_1_257' title='bbox 796 2759 882 2812; x_wconf 89' lang='lat' dir='ltr'><strong>altare</strong></span> <span class='ocrx_word' id='word_1_258' title='bbox 893 2759 1031 2826; x_wconf 88' lang='lat' dir='ltr'><strong>deposuit.</strong></span> <span class='ocrx_word' id='word_1_259' title='bbox 1045 2758 1170 2811; x_wconf 89' lang='lat' dir='ltr'><strong>llonacbi</strong></span> <span class='ocrx_word' id='word_1_260' title='bbox 1183 2759 1235 2810; x_wconf 87' lang='lat' dir='ltr'><strong>boc</strong></span> <span class='ocrx_word' id='word_1_261' title='bbox 1247 2758 1391 2826; x_wconf 84' lang='lat' dir='ltr'><strong>videntes,</strong></span> <span class='ocrx_word' id='word_1_262' title='bbox 1405 2760 1499 2814; x_wconf 79' lang='lat' dir='ltr'><strong>lauder</strong></span> 
     </span>
     <span class='ocr_line' id='line_1_26' title="bbox 261 2853 1537 2924; baseline 0.005 -19"><span class='ocrx_word' id='word_1_263' title='bbox 261 2853 376 2907; x_wconf 87' lang='lat' dir='ltr'><strong>bomino</strong></span> <span class='ocrx_word' id='word_1_264' title='bbox 388 2855 503 2922; x_wconf 90' lang='lat' dir='ltr'><strong>ejusque</strong></span> <span class='ocrx_word' id='word_1_265' title='bbox 517 2856 618 2911; x_wconf 83' lang='lat' dir='ltr'><strong>famulo</strong></span> <span class='ocrx_word' id='word_1_266' title='bbox 630 2857 759 2911; x_wconf 78' lang='lat' dir='ltr'><strong>nicholao</strong></span> <span class='ocrx_word' id='word_1_267' title='bbox 771 2862 826 2911; x_wconf 91' lang='lat' dir='ltr'><strong>tam</strong></span> <span class='ocrx_word' id='word_1_268' title='bbox 838 2859 930 2924; x_wconf 88' lang='lat' dir='ltr'><strong>corde,</strong></span> <span class='ocrx_word' id='word_1_269' title='bbox 944 2871 1027 2924; x_wconf 88' lang='lat' dir='ltr'><strong>quam</strong></span> <span class='ocrx_word' id='word_1_270' title='bbox 1046 2869 1113 2910; x_wconf 91' lang='lat' dir='ltr'><strong>voce</strong></span> <span class='ocrx_word' id='word_1_271' title='bbox 1132 2856 1311 2922; x_wconf 90' lang='lat' dir='ltr'><strong>depromunt.</strong></span> <span class='ocrx_word' id='word_1_272' title='bbox 1325 2857 1412 2912; x_wconf 86' lang='lat' dir='ltr'><strong>Plebs</strong></span> <span class='ocrx_word' id='word_1_273' title='bbox 1423 2872 1496 2924; x_wconf 87' lang='lat' dir='ltr'><strong>vero,</strong></span> <span class='ocrx_word' id='word_1_274' title='bbox 1510 2856 1537 2911; x_wconf 66' lang='lat' dir='ltr'>fl</span> 
     </span>
     <span class='ocr_line' id='line_1_27' title="bbox 262 2953 1498 3024; baseline 0.006 -21"><span class='ocrx_word' id='word_1_275' title='bbox 262 2964 312 3019; x_wconf 91' lang='lat' dir='ltr'><strong>pro</strong></span> <span class='ocrx_word' id='word_1_276' title='bbox 333 2953 523 3008; x_wconf 88' lang='lat' dir='ltr'><strong>ammiratione</strong></span> <span class='ocrx_word' id='word_1_277' title='bbox 549 2956 633 3008; x_wconf 89' lang='lat' dir='ltr'><strong>nimia</strong></span> <span class='ocrx_word' id='word_1_278' title='bbox 654 2957 774 3009; x_wconf 89' lang='lat' dir='ltr'><strong>lacrimis</strong></span> <span class='ocrx_word' id='word_1_279' title='bbox 797 2957 918 3024; x_wconf 81' lang='lat' dir='ltr'><strong>pertusa,</strong></span> <span class='ocrx_word' id='word_1_280' title='bbox 936 2970 1032 3010; x_wconf 83' lang='lat' dir='ltr'><strong>verum</strong></span> <span class='ocrx_word' id='word_1_281' title='bbox 1052 2956 1099 3009; x_wconf 90' lang='lat' dir='ltr'><strong>bei</strong></span> <span class='ocrx_word' id='word_1_282' title='bbox 1120 2968 1180 3008; x_wconf 91' lang='lat' dir='ltr'><strong>esse</strong></span> <span class='ocrx_word' id='word_1_283' title='bbox 1201 2968 1312 3009; x_wconf 85' lang='lat' dir='ltr'><strong>servum</strong></span> <span class='ocrx_word' id='word_1_284' title='bbox 1333 2958 1498 3012; x_wconf 80' lang='lat' dir='ltr'><strong>Nicbolaum</strong></span> 
     </span>
     <span class='ocr_line' id='line_1_28' title="bbox 263 3051 1469 3122; baseline 0.007 -20"><span class='ocrx_word' id='word_1_285' title='bbox 263 3051 422 3115; x_wconf 87' lang='lat' dir='ltr'><strong>proclamat.</strong></span> <span class='ocrx_word' id='word_1_286' title='bbox 436 3053 555 3106; x_wconf 80' lang='lat' dir='ltr'><strong>Ovirum</strong></span> <span class='ocrx_word' id='word_1_287' title='bbox 567 3068 616 3120; x_wconf 91' lang='lat' dir='ltr'><strong>per</strong></span> <span class='ocrx_word' id='word_1_288' title='bbox 629 3056 723 3109; x_wconf 89' lang='lat' dir='ltr'><strong>omnia</strong></span> <span class='ocrx_word' id='word_1_289' title='bbox 734 3056 932 3109; x_wconf 87' lang='lat' dir='ltr'><strong>laudabilem...</strong></span> <span class='ocrx_word' id='word_1_290' title='bbox 946 3054 1101 3122; x_wconf 78' lang='lat' dir='ltr'><strong>(Sequitur</strong></span> <span class='ocrx_word' id='word_1_291' title='bbox 1107 3053 1242 3120; x_wconf 77' lang='lat' dir='ltr'><strong>proiice</strong></span> <span class='ocrx_word' id='word_1_292' title='bbox 1250 3057 1469 3122; x_wconf 77' lang='lat' dir='ltr'><strong>paraenesis).</strong></span> 
     </span>
    </p>
   </div>
   <div class='ocr_carea' id='block_1_5' title="bbox 376 3458 1322 3592">
    <p class='ocr_par' dir='ltr' id='par_1_5' title="bbox 376 3458 1322 3592">
     <span class='ocr_line' id='line_1_29' title="bbox 376 3458 1322 3592; baseline 0.007 -45"><span class='ocrx_word' id='word_1_293' title='bbox 376 3458 378 3463; x_wconf 79' lang='grc'><strong>’</strong></span> <span class='ocrx_word' id='word_1_294' title='bbox 439 3461 647 3552; x_wconf 82' lang='lat' dir='ltr'><strong>DLXXIX.</strong></span> <span class='ocrx_word' id='word_1_295' title='bbox 671 3464 798 3552; x_wconf 82' lang='lat' dir='ltr'><strong>codex</strong></span> <span class='ocrx_word' id='word_1_296' title='bbox 817 3467 1008 3592; x_wconf 79' lang='lat' dir='ltr'><strong>signatos</strong></span> <span class='ocrx_word' id='word_1_297' title='bbox 1028 3488 1142 3552; x_wconf 92' lang='lat' dir='ltr'><strong>num.</strong></span> <span class='ocrx_word' id='word_1_298' title='bbox 1171 3462 1322 3554; x_wconf 82' lang='lat'><strong>12612.</strong></span> 
     </span>
    </p>
   </div>
   <div class='ocr_carea' id='block_1_6' title="bbox 265 3673 1501 3829">
    <p class='ocr_par' dir='ltr' id='par_1_6' title="bbox 265 3673 1501 3829">
     <span class='ocr_line' id='line_1_30' title="bbox 300 3673 1501 3746; baseline 0.003 -20"><span class='ocrx_word' id='word_1_299' title='bbox 300 3673 369 3726; x_wconf 86' lang='lat' dir='ltr'><strong>Olim</strong></span> <span class='ocrx_word' id='word_1_300' title='bbox 380 3691 396 3722; x_wconf 72' lang='lat' dir='ltr'><strong>e</strong></span> <span class='ocrx_word' id='word_1_301' title='bbox 414 3687 448 3727; x_wconf 84' lang='lat' dir='ltr'><strong>ex</strong></span> <span class='ocrx_word' id='word_1_302' title='bbox 462 3675 538 3728; x_wconf 91' lang='lat' dir='ltr'><strong>libris</strong></span> <span class='ocrx_word' id='word_1_303' title='bbox 548 3677 721 3730; x_wconf 80' lang='lat' dir='ltr'><strong>corbeiensis</strong></span> <span class='ocrx_word' id='word_1_304' title='bbox 731 3677 889 3731; x_wconf 86' lang='lat' dir='ltr'><strong>monasterii</strong></span> <span class='ocrx_word' id='word_1_305' title='bbox 907 3697 932 3745; x_wconf 87' lang='lat'><strong>»,</strong></span> <span class='ocrx_word' id='word_1_306' title='bbox 945 3678 1046 3734; x_wconf 89' lang='lat' dir='ltr'><strong>deinde</strong></span> <span class='ocrx_word' id='word_1_307' title='bbox 1059 3681 1228 3746; x_wconf 82' lang='lat' dir='ltr'><strong>San-Germ,</strong></span> <span class='ocrx_word' id='word_1_308' title='bbox 1241 3678 1321 3744; x_wconf 92' lang='lat' dir='ltr'><strong>prius</strong></span> <span class='ocrx_word' id='word_1_309' title='bbox 1333 3681 1398 3745; x_wconf 78' lang='grc'><strong>469,</strong></span> <span class='ocrx_word' id='word_1_310' title='bbox 1412 3691 1501 3732; x_wconf 89' lang='lat' dir='ltr'><strong>recen·</strong></span> 
     </span>
     <span class='ocr_line' id='line_1_31' title="bbox 265 3774 392 3829; baseline -0.016 0"><span class='ocrx_word' id='word_1_311' title='bbox 265 3774 321 3829; x_wconf 90' lang='lat' dir='ltr'><strong>tius</strong></span> <span class='ocrx_word' id='word_1_312' title='bbox 332 3776 392 3828; x_wconf 76' lang='lat'><strong>503.</strong></span> 
     </span>
    </p>
   </div>
   <div class='ocr_carea' id='block_1_7' title="bbox 298 3872 1390 4077">
    <p class='ocr_par' dir='ltr' id='par_1_7' title="bbox 298 3872 1390 4077">
     <span class='ocr_line' id='line_1_32' title="bbox 298 3872 1390 3945; baseline 0.005 -19"><span class='ocrx_word' id='word_1_313' title='bbox 298 3872 436 3926; x_wconf 81' lang='lat' dir='ltr'><strong>Foliorum</strong></span> <span class='ocrx_word' id='word_1_314' title='bbox 451 3875 509 3942; x_wconf 75' lang='lat'><strong>250,</strong></span> <span class='ocrx_word' id='word_1_315' title='bbox 524 3875 596 3928; x_wconf 89' lang='lat' dir='ltr'><strong>med.</strong></span> <span class='ocrx_word' id='word_1_316' title='bbox 610 3877 829 3945; x_wconf 48' lang='lat' dir='ltr'><strong>(baomadi),</strong></span> <span class='ocrx_word' id='word_1_317' title='bbox 843 3880 978 3933; x_wconf 91' lang='lat' dir='ltr'><strong>columnis</strong></span> <span class='ocrx_word' id='word_1_318' title='bbox 990 3879 1073 3945; x_wconf 88' lang='lat' dir='ltr'><strong>binis,</strong></span> <span class='ocrx_word' id='word_1_319' title='bbox 1088 3878 1390 3932; x_wconf 82' lang='lat' dir='ltr'><strong>emramssaec.x111.</strong></span> 
     </span>
     <span class='ocr_line' id='line_1_33' title="bbox 367 3970 1127 4077; baseline 0.013 -33"><span class='ocrx_word' id='word_1_320' title='bbox 367 3970 405 4044; x_wconf 92' lang='grc'><strong>10</strong></span> <span class='ocrx_word' id='word_1_321' title='bbox 421 3970 516 4071; x_wconf 85' lang='lat' dir='ltr'><strong>[Vita</strong></span> <span class='ocrx_word' id='word_1_322' title='bbox 534 3973 657 4049; x_wconf 87' lang='lat' dir='ltr'><strong>sancii</strong></span> <span class='ocrx_word' id='word_1_323' title='bbox 677 3973 890 4076; x_wconf 82' lang='lat' dir='ltr'><strong>Gangerici]</strong></span> <span class='ocrx_word' id='word_1_324' title='bbox 907 3976 983 4077; x_wconf 85' lang='lat' dir='ltr'><strong>(fol.</strong></span> <span class='ocrx_word' id='word_1_325' title='bbox 1008 3976 1127 4076; x_wconf 61' lang='grc'><strong>11-11).</strong></span> 
     </span>
    </p>
   </div>
   <div class='ocr_carea' id='block_1_8' title="bbox 266 4101 1499 4266">
    <p class='ocr_par' dir='ltr' id='par_1_8' title="bbox 266 4101 1499 4266">
     <span class='ocr_line' id='line_1_34' title="bbox 300 4101 1499 4179; baseline 0.011 -24"><span class='ocrx_word' id='word_1_326' title='bbox 300 4101 373 4155; x_wconf 74' lang='lat' dir='ltr'><strong>Finis</strong></span> <span class='ocrx_word' id='word_1_327' title='bbox 394 4103 467 4157; x_wconf 86' lang='lat' dir='ltr'><strong>vitae</strong></span> <span class='ocrx_word' id='word_1_328' title='bbox 488 4104 533 4157; x_wconf 90' lang='lat' dir='ltr'><strong>ed.</strong></span> <span class='ocrx_word' id='word_1_329' title='bbox 545 4107 638 4159; x_wconf 76' lang='lat' dir='ltr'><strong>Anat.</strong></span> <span class='ocrx_word' id='word_1_330' title='bbox 659 4107 750 4172; x_wconf 74' lang='lat' dir='ltr'><strong>Bell,</strong></span> <span class='ocrx_word' id='word_1_331' title='bbox 764 4112 830 4160; x_wconf 92' lang='lat' dir='ltr'><strong>tom.</strong></span> <span class='ocrx_word' id='word_1_332' title='bbox 843 4110 896 4175; x_wconf 85' lang='lat' dir='ltr'><strong>vll,</strong></span> <span class='ocrx_word' id='word_1_333' title='bbox 918 4123 945 4175; x_wconf 94' lang='lat' dir='ltr'><strong>p.</strong></span> <span class='ocrx_word' id='word_1_334' title='bbox 958 4111 1062 4163; x_wconf 67' lang='lat' dir='ltr'><strong>meae.</strong></span> <span class='ocrx_word' id='word_1_335' title='bbox 1075 4112 1132 4162; x_wconf 86' lang='lat' dir='ltr'><strong>loc.</strong></span> <span class='ocrx_word' id='word_1_336' title='bbox 1145 4109 1220 4164; x_wconf 80' lang='lat' dir='ltr'><strong>idus</strong></span> <span class='ocrx_word' id='word_1_337' title='bbox 1240 4112 1385 4178; x_wconf 72' lang='lat' dir='ltr'><strong>eupasia·</strong></span> <span class='ocrx_word' id='word_1_338' title='bbox 1394 4115 1432 4179; x_wconf 90' lang='lat' dir='ltr'><strong>(p.</strong></span> <span class='ocrx_word' id='word_1_339' title='bbox 1443 4113 1499 4174; x_wconf 73' lang='grc'><strong>396,</strong></span> 
     </span>
     <span class='ocr_line' id='line_1_35' title="bbox 266 4200 365 4266; baseline 0.01 -11"><span class='ocrx_word' id='word_1_340' title='bbox 266 4200 317 4255; x_wconf 93' lang='lat' dir='ltr'><strong>lin.</strong></span> <span class='ocrx_word' id='word_1_341' title='bbox 330 4203 365 4266; x_wconf 81' lang='lat'><strong>5).</strong></span> 
     </span>
    </p>
   </div>
   <div class='ocr_carea' id='block_1_9' title="bbox 365 4299 1500 4411">
    <p class='ocr_par' dir='ltr' id='par_1_9' title="bbox 365 4299 1500 4411">
     <span class='ocr_line' id='line_1_36' title="bbox 365 4299 1500 4411; baseline 0.011 -35"><span class='ocrx_word' id='word_1_342' title='bbox 365 4299 406 4376; x_wconf 69' lang='lat'><strong>2⁰</strong></span> <span class='ocrx_word' id='word_1_343' title='bbox 423 4300 553 4381; x_wconf 87' lang='lat' dir='ltr'><strong>Passio</strong></span> <span class='ocrx_word' id='word_1_344' title='bbox 583 4312 806 4384; x_wconf 88' lang='lat' dir='ltr'><strong>sanctorum</strong></span> <span class='ocrx_word' id='word_1_345' title='bbox 837 4306 940 4384; x_wconf 86' lang='lat' dir='ltr'><strong>isaac</strong></span> <span class='ocrx_word' id='word_1_346' title='bbox 970 4314 1008 4384; x_wconf 87' lang='lat' dir='ltr'><strong>et</strong></span> <span class='ocrx_word' id='word_1_347' title='bbox 1037 4306 1276 4407; x_wconf 86' lang='lat' dir='ltr'><strong>Maximiani,</strong></span> <span class='ocrx_word' id='word_1_348' title='bbox 1308 4317 1500 4411; x_wconf 86' lang='lat' dir='ltr'><strong>quaeest</strong></span> 
     </span>
    </p>
   </div>
   <div class='ocr_carea' id='block_1_10' title="bbox 301 4426 1153 4622">
    <p class='ocr_par' dir='ltr' id='par_1_10' title="bbox 301 4426 1153 4622">
     <span class='ocr_line' id='line_1_37' title="bbox 413 4426 1153 4531; baseline 0.008 -31"><span class='ocrx_word' id='word_1_349' title='bbox 413 4449 468 4501; x_wconf 84' lang='lat' dir='ltr'><strong>xrr</strong></span> <span class='ocrx_word' id='word_1_350' title='bbox 486 4426 672 4507; x_wconf 88' lang='lat' dir='ltr'><strong>kalendas</strong></span> <span class='ocrx_word' id='word_1_351' title='bbox 689 4430 923 4531; x_wconf 87' lang='lat' dir='ltr'><strong>septembris</strong></span> <span class='ocrx_word' id='word_1_352' title='bbox 939 4429 1017 4531; x_wconf 84' lang='lat' dir='ltr'><strong>(fol.</strong></span> <span class='ocrx_word' id='word_1_353' title='bbox 1040 4430 1153 4527; x_wconf 56' lang='lat'><strong>127²).</strong></span> 
     </span>
     <span class='ocr_line' id='line_1_38' title="bbox 301 4545 946 4622; baseline 0.014 -24"><span class='ocrx_word' id='word_1_354' title='bbox 301 4545 352 4600; x_wconf 85' lang='lat' dir='ltr'><strong>ild.</strong></span> <span class='ocrx_word' id='word_1_355' title='bbox 365 4559 398 4600; x_wconf 86' lang='lat' dir='ltr'><strong>ex</strong></span> <span class='ocrx_word' id='word_1_356' title='bbox 411 4550 462 4602; x_wconf 89' lang='lat' dir='ltr'><strong>boc</strong></span> <span class='ocrx_word' id='word_1_357' title='bbox 474 4550 535 4604; x_wconf 92' lang='lat' dir='ltr'><strong>cod.</strong></span> <span class='ocrx_word' id='word_1_358' title='bbox 549 4553 577 4604; x_wconf 83' lang='grc' dir='ltr'><strong>Ρ.</strong></span> <span class='ocrx_word' id='word_1_359' title='bbox 590 4553 631 4619; x_wconf 68' lang='lat' dir='ltr'><strong>ln,</strong></span> <span class='ocrx_word' id='word_1_360' title='bbox 643 4559 711 4608; x_wconf 89' lang='lat' dir='ltr'><strong>tom.</strong></span> <span class='ocrx_word' id='word_1_361' title='bbox 723 4555 790 4622; x_wconf 84' lang='lat' dir='ltr'><strong>Vlll,</strong></span> <span class='ocrx_word' id='word_1_362' title='bbox 803 4567 830 4620; x_wconf 90' lang='lat' dir='ltr'><strong>p.</strong></span> <span class='ocrx_word' id='word_1_363' title='bbox 844 4556 946 4608; x_wconf 76' lang='lat' dir='ltr'><strong>iol-ll.</strong></span> 
     </span>
    </p>
   </div>
   <div class='ocr_carea' id='block_1_11' title="bbox 0 0 1553 5498">
    <p class='ocr_par' dir='ltr' id='par_1_11' title="bbox 0 0 1553 5498">
     <span class='ocr_line' id='line_1_39' title="bbox 0 0 1553 5498; baseline 0 0"><span class='ocrx_word' id='word_1_364' title='bbox 0 0 1553 5498; x_wconf 95' lang='lat' dir='ltr'><strong> </strong></span> 
     </span>
    </p>
   </div>
   <div class='ocr_carea' id='block_1_12' title="bbox 1536 4742 1539 5461">
    <p class='ocr_par' dir='ltr' id='par_1_12' title="bbox 1536 4742 1539 5461">
     <span class='ocr_line' id='line_1_40' title="bbox 1536 4742 1539 5461; baseline 0 0"><span class='ocrx_word' id='word_1_365' title='bbox 1536 4742 1539 5461; x_wconf 95' lang='lat' dir='ltr'><strong> </strong></span> 
     </span>
    </p>
   </div>
  </div>
 </body>
</html>
