3082 5498
251 302 343 351 aran.
362 301 448 351 nar.
467 301 584 350 ranis.
603 322 648 332 —
664 300 818 350 arranh.
839 301 886 350 nu
903 301 981 351 con.
1003 299 1092 349 rarat.
1234 285 1301 350 215

111 467 228 539 lienique
239 471 303 525 duni
314 484 371 524 una
383 471 434 523 iter
446 474 591 538 pergerent
602 474 630 523 et
639 472 695 536 jam
708 470 787 522 villae
804 469 975 536 supradictae
994 471 1108 534 proximi
1121 469 1228 534 tierent,
1242 483 1300 522 rus·

70 561 158 635 licus,
169 573 213 638 qui
232 569 386 638 cupiditatis
408 582 490 623 causa
511 569 579 621 falso
594 582 694 622 nomen
717 570 852 636 peregrini
865 570 917 620 sihi
930 576 1117 636 usurpaverat,
1131 570 1205 637 quod
1223 571 1298 624 dictu

65 666 156 723 valde
166 670 291 724 horribile
308 675 390 736 atque
402 668 536 721 nefarium
551 672 599 734 est,
613 668 722 721 diabolo
736 668 880 735 instigante
892 674 1058 734 compatrem
1071 683 1151 722 suum
1173 676 1201 722 et
1222 683 1298 734 pere·

58 766 180 829 grisium
197 768 281 822 sancti
302 769 372 821 Petri
394 768 505 821 cultello
525 768 669 833 interfecit,
683 780 714 820 ac
727 768 819 819 omnia
844 780 915 834 quae
927 781 1020 820 seeum
1032 769 1147 821 vehebat
1159 769 1298 837 auferens,

14 865 36 917 5
58 861 99 916 in
116 868 203 922 medio
215 869 312 920 itinere
324 873 461 920 mortuum
474 866 594 934 reliquit,
608 867 702 934 sicque
723 866 813 933 fugam
836 867 921 932 petiit.
934 869 1011 918 blane
1030 872 1121 919 autem
1138 867 1217 930 facto,
1231 865 1298 920 dum

56 966 191 1022 cultores
201 969 344 1020 vinearum
357 966 391 1019 ad
404 966 568 1019 excolendas
581 972 723 1033 pergerent
740 966 845 1031 vineas,
859 966 931 1018 bunc
952 966 1105 1018 exanimem
1120 973 1300 1033 reppererunt

52 1068 95 1117 et
125 1080 169 1132 per
190 1067 346 1121 universam
368 1067 446 1118 istam
459 1065 627 1131 provinciam
648 1063 868 1117 diffamaverunt.
882 1065 1038 1117 Avunculus
1059 1077 1123 1131 ergo
1144 1065 1204 1131 elus
1218 1067 1297 1131 liavo,

51 1161 140 1220 haec
151 1165 274 1231 audiens,
286 1165 365 1220 valde
379 1170 498 1218 maestus
510 1171 549 1217 est
570 1172 596 1218 et
613 1179 676 1217 eum
688 1164 845 1230 sepulturae
866 1163 993 1226 tradidit;
1007 1178 1126 1231 eumque
1138 1166 1203 1232 quia
1216 1166 1300 1217 rusti·
1375 1226 1378 1231 ¹

50 1275 124 1318 cus
141 1265 185 1319 ille
203 1265 354 1330 occidisset,
368 1264 431 1332 biga
452 1263 480 1316 id
501 1265 633 1330 prodente
654 1269 681 1317 et
701 1278 780 1317 reum
798 1270 952 1329 accusante,
972 1264 1137 1330 recognovit.
1162 1264 1208 1317 ille
1232 1278 1298 1319 vero

10 1367 28 1419 tt
48 1364 269 1418 abominandus
281 1364 427 1429 homicida,
441 1363 551 1416 landem
564 1365 763 1431 deprehensus,
777 1365 881 1417 catenis
900 1366 1063 1417 constrictus
1076 1369 1103 1415 et
1120 1364 1149 1415 in
1160 1376 1300 1417 carcerem

51 1465 179 1526 missus,
192 1478 206 1517 a
219 1464 295 1518 nullo
308 1477 439 1531 umquam
452 1464 593 1517 hominum
605 1464 694 1516 teneri
708 1465 803 1529 potuit.
841 1495 846 1507 ·

106 1564 166 1629 Sed,
178 1565 248 1617 sicut
259 1565 297 1617 ait
307 1565 455 1630 Scriptura,
475 1576 546 1630 quae
566 1562 637 1629 apud
652 1563 776 1616 homines
789 1563 966 1629 impossibilia
989 1568 1061 1629 sunt,
1076 1563 1215 1630 possibilia
1235 1570 1300 1617 sunt

57 1662 248 1730 apudbeum.
261 1661 382 1727 Quodam
404 1660 448 1714 die
460 1663 517 1728 jam
537 1661 789 1727 advesperascente,
805 1674 902 1728 magna
923 1661 966 1713 siti
986 1660 1119 1729 devictus,
1138 1661 1171 1714 ad
1194 1661 1296 1715 fontem

61 1762 152 1828 huius
162 1762 283 1828 pervenit
296 1761 394 1814 Basoli.
407 1763 529 1826 cumque
542 1773 570 1812 se
583 1760 749 1823 inclinasset,
764 1765 791 1812 et
803 1760 953 1826 vasculum,
965 1772 1019 1825 quo
1032 1760 1067 1812 ab
1077 1758 1193 1811 infirmis
1206 1772 1298 1826 super·

10 1865 46 1919 lt>
64 1861 240 1914 venientibus
252 1859 350 1914 eadem
360 1872 431 1926 aqua
444 1860 629 1919 hauriebatur,
643 1860 801 1924 accepisset,
813 1862 843 1910 ut
853 1871 953 1925 aquam
966 1858 999 1910 ad
1019 1858 1227 1911 refocillandum
1239 1871 1297 1912 cor·

67 1971 129 2024 pus
145 1959 269 2024 hauriret,
283 1959 373 2012 subito
394 1958 498 2010 meritis
519 1958 602 2022 patris
623 1958 708 2009 nostri
730 1957 817 2009 basoli
839 1962 994 2008 contractus
1015 1956 1148 2009 emarcuit
1166 1962 1192 2008 et
1212 1969 1297 2022 super

72 2058 159 2122 ipsun
177 2058 279 2125 fontem
300 2056 407 2123 cecidit,
427 2061 455 2110 et
475 2056 549 2110 omni
568 2054 657 2108 officio
679 2055 862 2109 membrorum
885 2054 1032 2120 desolatus,
1053 2054 1165 2107 brachio
1186 2066 1306 2120 (putoque⁴

79 2160 189 2220 extenso,
201 2156 274 2222 quod
286 2156 417 2223 iniquitas
428 2155 510 2208 corde
523 2160 655 2220 concepta
676 2163 702 2207 et
713 2167 795 2220 opere
808 2154 879 2206 male
892 2157 1044 2219 perpetrata
1066 2152 1222 2221 malignitas
1233 2164 1296 2205 con·

83 2250 223 2321 dennabat,
236 2260 376 2321 tamquam
391 2254 496 2321 laqueis
509 2254 630 2306 irretitus
639 2254 733 2319 jacuit,
747 2260 774 2305 et
791 2266 826 2305 ne
844 2252 953 2318 pollutis
965 2265 998 2304 ex
1018 2253 1079 2318 plus
1090 2265 1173 2319 quam
1187 2252 1297 2304 homici-

34 2352 70 2405 ἱ)
88 2348 129 2403 dio
138 2354 249 2407 nauibus
261 2353 341 2406 sitam
354 2354 532 2421 contingeret,
547 2359 652 2405 reatum
665 2353 851 2406 conscientiae
863 2350 1008 2405 damnatus
1021 2350 1149 2404 ostendit.

122 2451 207 2517 ligilias
218 2454 310 2517 itaque
322 2458 471 2506 nocturnas
488 2452 616 2505 fratribus
630 2452 714 2518 ipsius
736 2451 786 2503 loci
799 2464 832 2503 ex
844 2464 921 2504 more
933 2454 986 2504 beo
998 2456 1026 2503 et
1038 2454 1131 2503 sancto
1146 2451 1239 2504 basolo
1251 2463 1295 2502 err·

95 2547 243 2621 solventibus,
252 2555 364 2620 jamque
377 2553 445 2606 lucis
456 2553 617 2618 crepusculo
639 2551 821 2617 diminuentc,
835 2551 906 2619 gallo
919 2564 1010 2604 moras
1023 2552 1112 2604 noctis
1125 2551 1295 2618 frequentius

97 2655 204 2717 wouh,
217 2653 272 2705 duo
284 2651 396 2719 quidam
409 2651 444 2703 de
456 2651 558 2703 familia
578 2651 721 2711 ecclesiae,
735 2651 850 2703 fratrum
871 2650 982 2703 servitio
995 2650 1096 2703 addicti
1110 2655 1136 2702 et
1149 2651 1294 2703 necessita·

100 2741 150 2798 libus
159 2750 290 2804 deservire
301 2751 382 2815 soliti,
397 2751 535 2818 gallicinio
556 2756 685 2804 monente
707 2751 825 2817 excitati,
839 2754 954 2817 surgunt
966 2749 999 2802 ad
1019 2763 1066 2802 sua
1079 2762 1162 2814 opera
1175 2749 1293 2802 solliciti.

11 2868 17 2873 ·
64 2832 90 2884 3
100 2839 194 2901 hildim
205 2862 254 2903 suo
274 2850 461 2902 subintrantes
482 2849 580 2915 officio,
594 2850 674 2903 simul
688 2850 720 2902 ad
735 2850 838 2902 fontem
860 2849 944 2901 sancti
959 2849 1046 2902 Basoli
1058 2855 1121 2901 ante
1134 2849 1207 2901 fores
1219 2849 1293 2902 clau·

101 2941 243 3008 ttdpositum
255 2954 410 3016 pergerent,
426 2955 455 3001 ut
468 2963 566 3015 aquam
588 2950 622 3002 ad
640 2951 784 3015 pistrinum
803 2949 951 3013 deferrent,
966 2948 1081 3013 pistores
1099 2948 1172 3000 enirn
1184 2949 1293 3015 utrique

10 3097 12 3100 ,
101 3045 168 3095 comm
178 3054 258 3113 erant,
272 3050 359 3112 canis,
373 3049 419 3114 qui
442 3062 534 3101 secum
555 3048 589 3101 ad
611 3049 819 3114 persentiendos
832 3057 913 3115 atque
926 3049 1011 3101 levius
1023 3048 1151 3101 ferendos
1170 3053 1196 3100 et
1209 3061 1294 3101 remu·

15 3190 21 3195 .
101 3140 173 3195 lindos
183 3148 290 3200 timores
303 3155 330 3200 et
343 3149 469 3200 incursus
483 3154 633 3202 nocturnos
646 3148 815 3200 familiariter
832 3149 1021 3211 comitabatur,
1035 3148 1168 3200 clamores
1187 3154 1292 3212 practer

24 3255 28 3287 :
100 3234 177 3294 s<lilim
187 3247 358 3314 ingeminans
371 3255 398 3299 et
418 3249 541 3313 poenalis
557 3250 595 3299 rei
609 3246 756 3300 vindictam
775 3249 934 3300 horroribus
953 3247 1132 3312 denuntians,
1148 3247 1291 3299 latratibus

10 3388 15 3393 .
70 3319 277 3398 &innovabatur
298 3346 429 3413 quicquid
443 3348 510 3399 inibi
531 3348 616 3398 virtus
638 3347 739 3413 divina,
760 3346 864 3398 meritis
886 3346 953 3398 tanti
972 3346 1138 3399 confessuris
1159 3346 1291 3398 obsecun-

99 3428 153 3503 dans,
162 3446 328 3509 operabatur.
344 3446 401 3497 ibat
421 3446 507 3509 canis,
521 3447 644 3511 praeibat
665 3459 805 3512 properus,
820 3446 925 3498 redibat
938 3445 1023 3510 ocius,
1039 3443 1170 3511 fugitabat
1192 3450 1291 3497 tremu-

10 3594 13 3599 .
98 3522 132 3595 lus,
141 3538 262 3594 interdurn
272 3543 435 3608 subsistens,
452 3544 577 3610 ringebat
589 3544 701 3595 naribus
715 3560 720 3594 ε
736 3556 885 3609 quemquo
900 3543 984 3610 magis
997 3543 1037 3594 vis
1049 3550 1164 3596 naturae
1176 3555 1289 3608 exaspe-

17 3645 29 3652 ’“
97 3633 156 3706 rabi,
166 3658 194 3698 eo
211 3647 330 3712 amplius
341 3647 409 3698 tanti
423 3646 534 3698 sceleris
552 3647 658 3698 facinus
672 3646 699 3697 in
722 3647 847 3698 timorem
871 3647 993 3712 cogebat.
1008 3649 1059 3698 Nec
1072 3646 1169 3698 solitus
1182 3651 1222 3697 est
1242 3645 1292 3697 iste

18 3748 25 3761 ¹·
95 3727 157 3807 inor,
168 3744 210 3796 sed
223 3758 330 3803 novus;
345 3758 442 3805 novus,
456 3745 579 3810 inquam,
590 3746 653 3810 quia
666 3759 697 3796 ex
712 3746 829 3796 novitate
842 3743 904 3796 facti
918 3744 951 3797 ad
965 3745 1126 3796 miraculum
1140 3745 1289 3796 humanum

10 3868 13 3871 -
61 3815 191 3895 liirvrtanav
206 3845 337 3896 animum.
353 3846 384 3895 Et
404 3845 474 3896 sicut
486 3843 520 3896 de
534 3844 639 3895 Balaam
654 3843 740 3896 ariolo
755 3843 880 3910 legimus,
893 3847 971 3910 eujus
991 3845 1068 3895 asina
1081 3843 1207 3911 angelum
1223 3843 1290 3895 vidit

89 3942 147 3996 tucn
158 3943 210 4007 ipse
223 3941 385 4008 praevidere
407 3955 463 3994 non
477 3942 585 4006 meruit,
599 3950 625 3994 et
646 3942 756 3995 brutum
769 3943 869 3994 animal
884 3944 1002 3994 humana
1015 3942 1097 3994 verba
1116 3942 1288 4007 loquebatur,

86 4039 105 4088 tit
119 4053 188 4093 mens
201 4042 369 4107 prophetica,
384 4043 516 4108 pecuniae
538 4043 589 4094 sibi
612 4048 803 4108 praeostensae
816 4048 843 4094 et
856 4043 1006 4107 promissae
1025 4054 1117 4094 amore
1135 4042 1287 4106 tenebrata,

10 4148 18 4187 s·
77 4135 144 4199 jana
160 4142 285 4193 vibrante
303 4143 415 4207 jamque
433 4148 538 4194 astante
555 4142 636 4209 gladii
659 4143 794 4195 sententia
816 4142 987 4208 liberaretur,
1002 4142 1037 4194 ita
1055 4148 1081 4194 et
1094 4142 1152 4193 istis
1164 4147 1190 4192 et
1202 4153 1289 4206 paene

72 4241 187 4293 omnibus
198 4241 334 4292 audituris
346 4240 391 4292 ille
411 4240 583 4306 supradictus
604 4242 688 4306 canis,
703 4247 816 4293 naturae
829 4242 939 4308 ingenio
952 4248 978 4293 et
991 4241 1045 4293 acri
1064 4240 1201 4306 vigilantia
1215 4252 1288 4291 cum·

30 4323 274 4405 fluctuantibus
292 4338 381 4392 modis
402 4347 430 4392 et
450 4341 593 4392 conatibus
614 4346 719 4405 poterat
739 4341 766 4391 in
787 4341 961 4393 securitatem
986 4340 1027 4392 sui
1040 4346 1066 4392 et
1078 4339 1286 4391 admirationem

55 4441 117 4496 facti
131 4438 252 4490 fideliter
268 4439 467 4503 subserviebat,
481 4446 511 4490 ut
524 4452 571 4491 eos
585 4445 611 4491 et
626 4453 641 4491 a
655 4440 759 4491 timoris
773 4441 853 4492 nocui
872 4444 981 4491 erueret
993 4438 1113 4504 periculo
1125 4444 1152 4490 et
1164 4437 1286 4489 videntes

52 4542 94 4595 vel
108 4537 257 4591 audientes
271 4536 304 4588 ad
318 4537 502 4591 execrandum
517 4539 582 4590 tanti
599 4539 712 4591 sceleris
734 4545 874 4592 auctorem
897 4546 950 4590 tam
963 4536 1078 4590 terribili
1100 4543 1286 4590 corrrmonevet
