3076 5498
492 349 617 400 cauni.
638 347 739 398 cont).
759 344 934 396 flaeioutt.
957 343 1039 394 uba.

508 566 717 679 Appendix
737 565 788 653 ad
809 563 891 653 cod.
918 562 1014 653 810.

295 813 443 878 Rnbnmo
471 809 504 875 S.
532 810 721 875 Mannrmns
746 826 789 872 nu
815 823 1000 872 soobnsmu
1025 805 1228 871 sitivimus

532 914 618 1000 (etr.
639 934 750 1000 supra,
769 933 802 998 p.
821 913 902 988 530,
925 912 982 987 1⁰).

183 1120 211 1170 1.
225 1117 293 1170 liuic
305 1117 506 1170 sacratissimae
518 1131 549 1170 ac
569 1118 782 1184 gloriosissimae
800 1118 984 1184 translationi,
999 1130 1072 1184 quae
1084 1130 1134 1184 per
1146 1118 1241 1172 mensis
1251 1078 1332 1170 corbe

147 1219 283 1273 decimum
296 1218 379 1284 diem,
393 1219 445 1271 boc
458 1222 500 1272 est
514 1217 649 1271 hodierna
667 1218 721 1282 die,
735 1219 875 1285 quondam
888 1221 996 1283 peracta
1018 1221 1072 1282 est,
1084 1208 1322 1280 dilectissimiacdt

146 1319 200 1372 alia
212 1317 355 1370 translatio
369 1329 424 1369 non
437 1317 529 1369 minus
547 1316 628 1382 plena
641 1323 667 1368 et
684 1329 798 1369 corusca
811 1315 959 1380 miraculis,
972 1327 1027 1381 qua
1045 1314 1144 1368 beatus
1155 1302 1351 1369 ttamubrlcl.
1389 1346 1394 1393 ἐ

147 1417 208 1471 loco
220 1417 267 1484 qui
279 1416 487 1481 solempniacus
499 1404 611 1469 vocatur
623 1428 672 1468 sua
686 1418 780 1468 sancta
793 1415 916 1468 membra
927 1414 1073 1467 transferri
1086 1414 1174 1468 voluit
1189 1414 1221 1468 ad
1231 1408 1325 1481 prittlttt
1392 1442 1394 1446 .

147 1515 252 1580 inquo,
267 1528 328 1567 cum
343 1515 486 1581 migrasset
499 1515 532 1567 ad
546 1514 859 1577 bominum,tumulatus
872 1518 913 1565 est
926 1517 1151 1566 monumentum.
1162 1513 1261 1567 Timore
1268 1508 1327 1579 olid*
1392 1553 1394 1559 .

147 1614 290 1680 gentilium
302 1614 452 1681 aliquando
474 1614 506 1665 ad
521 1627 585 1665 eum
598 1614 688 1666 locum
701 1612 786 1665 semel
797 1611 994 1677 transpositum
1007 1618 1049 1664 est
1061 1617 1189 1665 sanctum
1201 1606 1330 1679 corpureilt

146 1714 212 1764 llam
231 1713 331 1779 primo,
344 1719 493 1778 antequam
506 1712 574 1764 illud
586 1717 723 1778 ageretur,
736 1724 819 1764 causa
831 1711 910 1777 quasi
922 1710 1036 1775 aptioris
1060 1710 1114 1778 sibi
1137 1710 1189 1764 loci
1210 1710 1262 1764 loco
1271 1706 1333 1775 prittt.

146 1811 175 1862 in
188 1811 334 1864 ecclesiam
346 1813 456 1878 quaein
468 1814 583 1865 Sanctae
591 1812 708 1876 Sopbiae
717 1811 774 1863 sive
784 1811 875 1863 Sancti
886 1809 1034 1863 salvatoris
1044 1811 1160 1863 nomine
1171 1792 1358 1872 coustatluttss

148 1910 221 1962 enim
242 1915 270 1963 ct
282 1910 354 1963 idem
368 1912 505 1976 sapientia
524 1912 572 1964 bei
586 1912 672 1963 Patris
685 1916 713 1963 et
725 1911 849 1962 Salvator
865 1908 965 1961 saeculi
980 1909 1084 1973 existit,
1097 1909 1146 1975 qui
1158 1912 1201 1962 est
1215 1900 1338 1962 lesmor
1368 1914 1371 1919 '

67 2066 71 2079 Ι
148 2012 206 2060 stus
218 2010 358 2074 Dominus,
372 2024 454 2076 quem
475 2011 522 2077 qui
545 2011 630 2076 videt,
645 2011 721 2063 videt
732 2017 759 2063 et
773 2013 891 2072 Patrem,
904 2009 952 2075 qui
964 2008 1103 2075 apostolis·
1110 2008 1240 2074 Spiritum
1255 2007 1343 2058 subtil

150 2121 199 2160 sua
212 2107 288 2161 dedit
301 2109 487 2162 insufflatione
500 2111 611 2177 quando
623 2116 786 2176 potestatem
804 2108 907 2177 ligandi
926 2113 1009 2175 atoue
1028 2106 1155 2162 solvendi
1167 2107 1208 2160 eis
1216 2100 1346 2165 mdidtllt

150 2203 247 2271 ipsam,
270 2206 393 2273 inquam,
416 2207 559 2260 ecclesiam
583 2208 741 2273 proprietati
761 2205 861 2259 christi
881 2206 1083 2274 specialissime
1103 2205 1259 2272 insignitam
1278 2205 1348 2264 eorptl

150 2303 222 2356 beati
242 2305 357 2370 apostoli
380 2307 508 2359 liartiaiis
528 2307 691 2360 translatum
713 2306 820 2371 iuerat;
833 2307 911 2372 cujus
921 2305 1036 2371 potioris
1047 2304 1221 2358 reverentiae
1232 2286 1376 2355 intentare!

150 2402 197 2455 illa
210 2404 308 2470 regalis
320 2405 432 2458 basilica
453 2420 559 2460 summo
582 2405 673 2459 studio
686 2420 701 2458 a
724 2417 796 2458 noro
808 2417 905 2459 exorsa
917 2412 944 2457 et
965 2408 1158 2458 consummata
1175 2409 1242 2468 etat,
1255 2397 1352 2468 qbflfilss
1385 2460 1389 2467 ,

150 2509 253 2569 quanto
265 2509 337 2557 esset
348 2507 492 2571 spatiosior
504 2507 629 2570 ecclesia,
642 2512 718 2559 tanto
732 2507 812 2558 latior
823 2510 887 2558 aute
899 2517 977 2558 sacra
989 2505 1109 2571 apostoli
1122 2504 1245 2557 membra
1253 2504 1277 2554 et
1285 2500 1352 2551 luere
1390 2508 1394 2581 i

151 2603 204 2656 tior
217 2604 245 2655 in
266 2610 405 2669 posterum
419 2605 493 2658 lieret
505 2607 602 2674 gioria,
615 2614 718 2673 quanto
730 2606 813 2659 aedes
824 2605 941 2672 amplior
952 2612 980 2657 et
999 2604 1174 2658 laudantium
1190 2602 1265 2670 copia
1281 2605 1352 2651 nuuc

154 2703 252 2757 rosior.
266 2703 418 2768 Credimus,
433 2719 552 2771 superna
566 2706 735 2771 providentia
754 2707 807 2757 boc
825 2705 978 2770 inspirarit,
993 2705 1044 2757 boe
1063 2703 1213 2760 ordinavit,
1225 2706 1255 2754 ut
1268 2689 1354 2765 ΨΜ
1392 2686 1394 2755 ἶ

153 2815 275 2869 congrue
283 2803 468 2858 districtorum
481 2805 642 2857 clericorum
656 2817 801 2857 numerum
815 2804 891 2857 locus
902 2804 1045 2870 angustior
1057 2801 1233 2856 monumenti
1243 2774 1394 2901 nodam}

154 2903 345 2957 necdistincte
366 2917 464 2970 capere
476 2909 583 2970 poterat
602 2906 700 2957 choros
721 2909 876 2968 cantorum,
889 2904 940 2955 bac
963 2902 1072 2955 ratione
1087 2901 1142 2955 alia
1154 2892 1355 2964 novaapablbl⁵
1392 2938 1394 2959 ,

152 3001 267 3054 ecclesia
279 3002 466 3067 fabricaretur,
476 3017 611 3069 quaenon
624 3004 652 3056 in
662 3007 859 3070 cujuscumque
868 2999 1062 3054 excellentium
1068 3002 1213 3067 justorum
1221 2991 1355 3051 velantu-
1390 2972 1394 3061 ἶ

153 3099 277 3165 gelomm
291 3103 410 3167 privato,
423 3103 471 3155 sed
484 3106 512 3155 in
525 3104 611 3168 ipsius
622 3103 730 3157 domini
739 3103 900 3169 angelorum
912 3105 940 3153 et
950 3106 1112 3153 sanctorum
1135 3098 1246 3165 speciali
1257 3097 1356 3149 datust

153 3205 199 3251 tur
211 3201 315 3254 bonore
327 3208 354 3254 et
366 3202 487 3269 nomine,
501 3203 530 3253 in
542 3215 597 3268 quo
611 3215 736 3255 summae
745 3203 884 3256 Trinitatis
899 3202 1098 3268 specialissimo
1113 3200 1216 3267 templo
1232 3195 1357 3265 sepulcrm
1390 3186 1394 3261 ξ

154 3300 277 3364 apostolo
298 3299 374 3353 tieret
387 3313 487 3353 norum
501 3301 575 3367 quod
588 3302 690 3354 ibidem
704 3303 732 3353 in
745 3302 833 3354 oculis
843 3302 968 3354 omnium
980 3300 1213 3368 glorificaretura
1230 3274 1394 3364 populbss!

154 3396 285 3464 deinceps
298 3399 520 3465 praevalescente
531 3401 703 3453 inscrutabili
717 3401 762 3452 bei
773 3399 876 3466 iudicio
885 3401 973 3453 sancti
982 3398 1099 3466 apostoli
1113 3397 1240 3451 membra
1251 3393 1282 3448 ad
1292 3392 1358 3457 ipsttl
1389 3360 1394 3415 ¹

153 3496 227 3562 quod
240 3499 292 3551 sibi
313 3499 371 3564 ipse
384 3500 477 3551 virens
499 3506 708 3564 praeparauerat
728 3500 829 3552 iterum
841 3499 1022 3561 referrentur,
1035 3511 1067 3551 ac
1080 3496 1241 3563 Sapientiae
1254 3492 1304 3555 bei,
1313 3485 1360 3554 gub
1392 3482 1394 3495 ¹

154 3596 276 3665 cbristus
288 3604 338 3657 cst,
350 3598 482 3663 templum
491 3600 547 3665 jam
566 3604 795 3663 consummatum,
807 3598 883 3652 cultu
896 3596 1040 3665 magnifico
1060 3597 1090 3649 in
1109 3600 1272 3662 perpetuum
1288 3583 1362 3658 bell*

154 3700 227 3748 raret
244 3698 413 3751 honorabile.
431 3699 514 3764 cujus
527 3698 620 3764 templi
633 3699 803 3751 consecratio
815 3697 958 3751 sollemnis
974 3697 1011 3749 ab
1028 3695 1168 3762 episcopis
1184 3682 1365 3761 Aquiunit‘tsss

156 3795 263 3860 populis
275 3798 408 3849 maximae
421 3797 615 3864 multitudinis,
626 3804 687 3863 post
696 3799 811 3863 primam
823 3797 1010 3849 inventionem
1022 3794 1151 3860 corporis
1162 3770 1394 3854 llanlatistutiss

156 3891 262 3945 decima
274 3896 393 3946 octobris
406 3897 509 3947 mensis
521 3895 575 3957 die,
588 3895 663 3962 quod
675 3897 730 3948 erit
749 3901 810 3961 post
827 3894 950 3947 triduum
968 3893 1053 3958 istud,
1066 3904 1126 3944 nou
1140 3893 1204 3944 sine
1215 3899 1309 3958 magm
1321 3890 1368 3950 ab

154 3988 201 4043 dio
213 3998 239 4044 et
250 3993 336 4060 gloria
349 4000 456 4059 peraeta
479 4001 544 4046 tunr
567 4001 617 4047 est.
632 3997 670 4048 lta
689 4009 755 4048 rero
767 3996 867 4047 lactum
885 3999 928 4047 est
944 3994 1057 4047 caelesti
1074 3992 1260 4058 dispositione
1278 3993 1306 4040 ut
1320 3986 1369 4035 {ab

155 4089 226 4142 tialis
240 4091 372 4147 membra.
385 4104 455 4157 quae
468 4093 497 4143 in
510 4091 626 4144 eandem
647 4093 777 4145 translata
789 4090 900 4145 inerant
909 4091 1062 4155 basilicam,
1080 4091 1185 4143 iterum
1197 4094 1261 4156 post
1270 4086 1371 4151 aliam*

156 4195 213 4242 tum
223 4194 354 4257 temporis
365 4192 398 4245 ad
417 4194 537 4258 priscum
550 4194 597 4246 ubi
610 4194 720 4246 inventa
734 4193 843 4245 fuerant
855 4191 1014 4258 sepulerum
1026 4194 1253 4256 reportarentur.
1265 4181 1333 4251 Quod
1345 4188 1371 4232 ὅ

156 4288 488 4355 bispmrenisseronsut
501 4293 650 4345 miraculis.
1380 4268 1394 4325 ¹

189 4388 221 4442 ὃ.
234 4393 299 4443 Nam
312 4393 442 4457 neroni-am
457 4393 575 4444 bumana
596 4405 653 4445 uon
674 4392 818 4443 minimum
836 4403 852 4444 a
872 4388 1002 4456 superuis
1021 4388 1128 4441 distant
1137 4387 1264 4455 judiciis,
1275 4385 1319 4440 ubi
1331 4382 1374 4447 iffi

158 4495 366 4541 mouumentum
387 4503 403 4542 a
426 4492 554 4543 thesauro
575 4503 625 4543 suo
645 4495 791 4542 turbatum
810 4494 871 4551 est,
893 4487 1034 4540 elementa
1055 4487 1226 4540 conturbata
1247 4480 1376 4550 eoepettltll

156 4587 305 4639 saevirem
317 4587 452 4641 ultionem
464 4594 561 4642 centn
569 4589 823 4656 praesumptionem
835 4585 1168 4651 bumauam,secuudum
1177 4584 1255 4654 quod
1266 4582 1375 4647 scriptun
