3082 5498
213 103 279 168 278
386 126 388 130 ’
552 118 678 169 ouran.
698 118 799 169 cono.
819 119 993 170 manicon.
1014 119 1094 171 aar.

214 291 272 340 tum
293 288 401 340 Petrum
425 286 579 352 apostolum
604 286 654 340 fuit
679 286 777 340 missus
806 286 840 340 ad
864 285 1091 353 praedicandum,
1115 286 1226 341 dicente
1247 289 1315 340 lesu
1338 288 1460 345 Christo

215 387 330 440 llomino
343 390 439 438 nostro
453 402 460 438 ι
474 387 590 440 Euntea
598 398 659 452 per
670 386 825 438 multatum
836 385 1030 453 universum,
1038 385 1228 453 praedicate
1246 389 1452 454 evangelium

215 485 301 539 omni
319 487 496 539 creaturae.
510 485 636 538 Secundo
656 490 769 551 apparet
788 485 862 552 quod
886 485 921 538 sit
941 484 1089 551 apostolus,
1102 485 1315 552 prinnannus,
1327 488 1371 553 qui
1390 484 1447 541 sibi

215 585 350 651 apparuit,
363 584 431 636 dixit
442 585 466 636 ei
482 599 489 636 ι
506 584 617 643 oetaeo
630 584 748 638 decimo
760 583 947 637 diecentum
963 584 1006 637 ad
1019 586 1055 651 te,
1068 587 1253 639 etatcttttom
1265 587 1295 638 te
1306 583 1443 641 heredem

216 682 307 749 regni
323 683 385 735 mei
406 696 477 736 cum
497 681 654 749 fratribus
674 683 739 736 tuis
759 685 789 736 et
808 683 978 750 apostolam
992 687 1020 735 et
1040 683 1092 736 nisi
1107 689 1179 737 esset
1200 683 1348 750 apostolus,
1357 670 1460 739 frate¹⁵

217 783 404 849 apostolorum
417 785 602 849 [nequaquam
615 783 705 837 vocari
718 783 871 848 potuissetl.
885 785 917 835 Et
935 783 1018 836 etiarn
1038 795 1108 849 papa
1118 783 1261 837 iohannes
1277 773 1443 836 canoninri¹

217 896 281 936 eum
293 886 321 935 et
332 883 423 949 posuit
435 883 464 935 in
477 895 593 936 numero
614 883 799 948 apostolorum
821 889 849 936 et
862 861 1030 948 interposuit
1040 882 1076 936 de
1086 895 1204 937 assensu
1224 883 1345 937 omnium
1354 872 1445 936 cardi‘

182 1017 185 1022 -
219 984 332 1037 nulium.

79 1484 86 1503 ·
99 1482 166 1537 cod.

27 1549 195 1616 aspersione.

251 1083 355 1134 Unum
377 1094 527 1145 mmmm
550 1079 698 1134 mirahih
721 1079 858 1146 contigit
880 1081 1009 1145 quondo
1032 1080 1122 1134 beati
1144 1080 1314 1135 Budalia
1336 1077 1458 1134 uin*

219 1192 353 1245 egressa
369 1182 420 1231 est
436 1179 475 1232 da
491 1192 632 1244 corpore.
646 1179 809 1247 -Contigit
825 1184 917 1232 autem
929 1193 1016 1233 unum
1029 1180 1166 1245 mirabile,
1178 1179 1254 1247 quod
1268 1180 1332 1233 dum
1344 1173 1464 1245 eorptl2
1478 1151 1505 1206 Ψ

220 1278 292 1331 beati
306 1278 433 1331 Martialis
445 1278 480 1331 de
493 1279 604 1331 basilica
617 1279 688 1332 beati
702 1280 831 1345 Stephani
844 1281 878 1332 ad
893 1280 984 1332 locum
997 1292 1063 1332 suae
1074 1279 1235 1346 sepulturae
1246 1278 1449 1346 deportaretur
1453 1302 1468 1325 a

220 1391 304 1444 super
324 1382 476 1444 portatores
496 1378 563 1431 caeli
585 1379 671 1445 aperti
687 1379 799 1431 fuerunt
818 1383 846 1432 et
865 1379 936 1431 viam
958 1392 1047 1446 usque
1064 1379 1098 1431 ad
1120 1379 1212 1433 locum
1232 1374 1474 1446 sepulturaeslnfi

222 1477 375 1542 apertione·
397 1478 528 1530 continue
552 1478 742 1531 ostenderunt.
756 1480 829 1530 liaeo
849 1483 892 1530 est
911 1490 976 1545 ergo
988 1478 1035 1530 illa
1048 1477 1140 1531 anima
1158 1479 1202 1531 cui
1222 1478 1344 1532 canotus
1357 1468 1480 1544 potuit

223 1575 314 1627 dicero
329 1591 336 1627 :
357 1575 439 1639 Veni,
452 1576 551 1629 electa
564 1588 642 1642 mco,
656 1575 728 1628 oeni
739 1575 778 1628 de
790 1574 908 1628 Libano
919 1593 928 1642 ,·
940 1575 1020 1642 veni,
1033 1574 1242 1631 coronatores.
1251 1575 1482 1643 lijuspreciltss

223 1688 274 1728 nos
291 1679 405 1727 coronet
426 1675 454 1727 in
474 1674 569 1742 caelis,
582 1675 629 1740 qui
650 1674 707 1727 suis
729 1673 901 1727 evidentibus
923 1674 1063 1728 miraculis
1083 1687 1136 1728 nos
1156 1673 1269 1728 assidue
1290 1673 1481 1729 illustrarim
1500 1659 1522 1715 ¹⁸

222 1775 312 1828 terris.

256 1875 348 1924 Nunc
367 1874 573 1926 massarum
592 1874 636 1926 ad
658 1871 816 1926 miracula
838 1873 960 1938 aliqua,
982 1877 1015 1927 ct
1038 1888 1098 1927 uon
1121 1873 1238 1937 omnin,
1259 1888 1342 1940 quae
1362 1875 1480 1928 netu

223 1975 376 2036 operatua
392 1974 442 2023 ost
459 1984 517 2035 per
533 1985 604 2024 eum
620 1974 694 2036 poet
710 1972 779 2036 mus
795 1975 937 2037 mortem,
950 1975 984 2025 ct
1000 1971 1102 2037 primo
1113 1973 1153 2026 do
1169 1973 1475 2038 quodmpmly·

223 2071 297 2125 tion.
310 2098 343 2109 -
356 2073 385 2123 ln
406 2071 557 2124 crastinum
578 2072 653 2124 enim
674 2073 770 2125 mortis
791 2072 986 2138 nusquitan
1007 2072 1180 2140 paralyticus,
1192 2086 1246 2128 usu
1266 2074 1468 2128 membrorum

225 2171 335 2237 penitus
347 2169 475 2237 privatus,
492 2171 582 2222 statim
603 2177 634 2223 ut
654 2170 741 2236 tetigit
762 2171 851 2224 locum
875 2171 922 2224 ubi
940 2178 999 2224 erat
1010 2173 1070 2239 ejus
1088 2184 1198 2238 corpus,
1211 2172 1264 2226 fuit
1275 2173 1379 2226 sanitati
1388 2169 1494 2239 ple-ft

227 2269 303 2322 narie
325 2268 583 2323 restitutusNullus
605 2270 687 2322 etiam
706 2269 832 2323 infirmus
854 2269 964 2324 sudario
986 2271 1037 2325 fuit
1058 2276 1156 2336 motus,
1177 2272 1226 2338 qui
1247 2285 1305 2326 non
1327 2272 1456 2326 contnuo

226 2369 339 2421 recessit
359 2381 452 2421 sanus.
472 2369 510 2420 lld
533 2373 634 2421 tactum
656 2367 729 2421 illius
749 2369 852 2422 sudarii
876 2369 1042 2436 hydropicus
1062 2370 1185 2438 quidam,
1198 2371 1234 2425 de
1247 2373 1316 2426 urile
1327 2371 1448 2426 Tolosam

226 2469 378 2521 adveniens
397 2481 461 2521 cum
481 2481 528 2520 sex
550 2469 639 2521 caecis
660 2474 687 2522 ct
708 2475 828 2535 quatuor
848 2468 1044 2536 daemoniacis,
1059 2478 1113 2525 tam
1135 2460 1170 2526 ali
1188 2471 1330 2540 hydropisi
1342 2480 1440 2540 quamt

227 2568 355 2620 caecitate
376 2573 403 2620 et
425 2568 576 2621 daemoniis
596 2575 661 2620 sunt
681 2568 841 2634 plenissime
862 2569 981 2623 liberati.
995 2570 1089 2624 Puella
1110 2571 1260 2639 quaedam,
1273 2573 1349 2639 cujus
1359 2579 1437 2623 manu

227 2666 312 2720 altera
325 2667 473 2733 diriguerat
486 2673 513 2719 et
525 2667 621 2734 digitos
635 2668 664 2719 in
676 2668 767 2734 palma
785 2668 889 2721 defixos
901 2669 1029 2736 hahebat,
1043 2669 1189 2723 celebratis
1213 2671 1243 2723 in
1265 2677 1342 2726 nocte
1359 2664 1462 2724 festi!

229 2768 289 2819 tatis
310 2768 369 2833 ejus
390 2767 499 2834 vigiliis,
522 2767 573 2820 fuit
593 2768 701 2820 sanitati
723 2769 847 2834 plenarie
864 2769 997 2823 restituta.
1011 2770 1105 2824 simile
1125 2762 1293 2826 miraculum
1313 2767 1429 2840 legituril

229 2865 348 2932 quadam
360 2867 413 2919 alia
425 2873 610 2933 perpetrasse.

263 2967 439 3032 (sequnntur,
458 2966 669 3033 compendiatim
690 2972 828 3032 enarrata,
843 2968 976 3021 miracula
996 2967 1041 3022 ed.
1059 2969 1125 3024 Act.
1143 2969 1201 3038 Sti,
1223 2970 1258 3024 ad
1283 2972 1312 3025 d.
1331 2973 1364 3024 all
1379 2971 1432 3027 lun..

232 3071 297 3117 tom.
310 3066 339 3129 ll,
353 3080 379 3130 p.
390 3067 493 3126 aio-tit),
507 3066 557 3120 hoo
570 3065 668 3119 ordine
682 3080 806 3119 :numm
820 3069 904 3131 17-18,
918 3068 960 3132 ΞΘ,
978 3067 1065 3131 atat,
1077 3069 1119 3132 22,
1133 3068 1159 3134 Ξ,
1175 3071 1201 3134 3,
1210 3070 1255 3145 til,
1268 3071 1310 3135 51,
1322 3071 1348 3135 a,
1360 3066 1434 3132 atil,

232 3167 273 3229 llo,
286 3167 312 3229 o,
326 3167 368 3230 st,
379 3166 404 3229 o,
419 3168 443 3228 t,
459 3167 543 3231 lala,
560 3168 599 3230 ll,
615 3167 700 3231 loli,
716 3168 801 3231 lado,
814 3167 856 3232 al,
869 3167 911 3231 to,
924 3168 975 3232 39;
989 3166 1102 3231 deinde)
1450 3161 1470 3216 tt

266 3266 344 3315 Anno
367 3263 473 3316 liomini
501 3265 701 3330 mcccclxxxxi’,
731 3264 797 3317 dum
819 3265 935 3317 fratrum
958 3266 1093 3319 llinorum
1114 3267 1268 3332 capitulum
1293 3265 1441 3335 provinciale

234 3364 331 3415 fuisset
344 3363 531 3431 Burdeg[alae]
545 3365 572 3415 in
586 3364 654 3417 festo
672 3365 814 3417 beatorum
835 3365 1023 3430 apostolorum
1036 3366 1107 3420 Petri
1120 3371 1148 3419 et
1166 3366 1244 3420 Pauli
1256 3367 1447 3432 celebrandum,

235 3468 262 3514 et
281 3474 340 3528 ego.
354 3462 382 3512 in
395 3461 492 3514 ordine
505 3462 618 3514 fratrum
632 3462 768 3515 lllnorum
791 3463 930 3525 minimus,
946 3477 1009 3516 cum
1030 3462 1150 3518 redirem
1169 3463 1204 3517 de
1221 3454 1345 3532 capitulo
1358 3468 1384 3521 in
1400 3480 1452 3521 oon·

234 3567 317 3615 ventu
330 3561 443 3613 fratrum
455 3567 610 3613 nostrorum
621 3561 758 3623 amiliani,
770 3561 854 3614 frater
863 3560 975 3628 quidam
987 3563 1092 3615 rettulit
1104 3563 1171 3615 milli
1184 3564 1364 3632 miraculum,
1372 3567 1456 3635 [quod]

235 3659 377 3712 sevidisse
391 3661 622 3713 certitudinaliter
642 3660 790 3712 asserebat.
814 3663 901 3725 Prope
914 3661 988 3713 enim
1007 3661 1135 3715 Sanctum
1148 3663 1322 3718 llacltarium
1334 3671 1365 3720 et
1375 3664 1495 3734 lingo!

236 3760 357 3813 nium...
371 3759 460 3827 (inid,
474 3773 550 3812 num.
565 3761 618 3823 to.)

268 3859 349 3910 llulta
361 3864 388 3911 et
399 3858 453 3911 alia
465 3859 543 3926 signa
553 3865 580 3911 et
593 3858 729 3911 mirabilia
742 3863 870 3924 operatus
882 3865 923 3912 est
936 3859 1068 3912 ltominus
1081 3865 1177 3915 noster
1186 3863 1273 3916 lesus
1285 3866 1415 3921 chmstus
1423 3880 1464 3935 per

235 3959 388 4023 apostolum
402 3971 480 4009 suum
493 3956 681 4010 beatissimum
703 3957 862 4020 Martialem,
874 3971 946 4024 quae
963 3958 1045 4011 scribi
1065 3971 1121 4013 non
1133 3970 1262 4032 possent,
1274 3967 1347 4032 quia
1359 3969 1467 4023 multum

235 4061 309 4109 osset
322 4056 432 4123 longum
446 4069 585 4108 enarrare.
599 4054 651 4108 Sed
668 4055 808 4108 humiliter
821 4062 848 4109 et
869 4055 967 4109 devote
985 4057 1168 4123 deprecemur
1185 4060 1304 4117 boatum
1324 4068 1468 4121 larualcm

235 4155 398 4222 apostolum,
413 4160 442 4206 ut
455 4156 514 4221 ipso
528 4155 714 4207 intercedente
728 4158 799 4208 lieus
811 4156 857 4207 det
879 4156 959 4209 nobis
975 4157 1088 4223 gloriam
1110 4160 1329 4225 sempiternam.
1343 4168 1385 4222 td
1397 4162 1508 4236 quam!

234 4256 348 4321 gloriam
362 4267 413 4306 nos
423 4254 555 4319 perducat
567 4253 698 4308 Dominus
713 4260 807 4307 noster
816 4258 897 4307 lesus
909 4255 1040 4308 Christus.
1056 4259 1152 4312 lmen.

702 4423 994 4437 ——————
