3076 5498
254 327 347 376 aran.
366 327 449 377 rtur.
470 327 587 378 rums.
607 349 653 359 —
668 300 822 379 urrann.
844 330 890 378 ab
907 331 986 379 con.
1008 329 1097 380 tract.
1221 317 1288 383 237

624 503 721 564 Vita.

132 694 236 745 ¹beatus
256 693 337 760 igitur
358 693 532 754 Laurentius,
551 693 657 746 electus
678 695 725 746 Dei
748 695 870 760 pontifex
892 700 921 761 et,
935 695 1077 749 confessor
1097 697 1232 763 egregius,
1250 710 1284 750 ex

130 791 184 842 tibus
195 790 355 854 occidentis,
369 792 460 844 insula
474 792 614 859 Hibernia,
630 793 712 845 claris
722 793 859 846 natalibus
871 794 958 845 extitit
973 795 1117 848 oriundus.
1140 796 1200 849 Fuit
1212 796 1284 849 enim

130 889 210 941 amine
223 889 310 957 regio,
325 889 398 956 regis
409 895 437 942 et
458 890 567 957 reginae
588 889 670 953 iilius,
690 897 716 943 et
736 893 814 958 quasi
836 893 863 943 in
886 897 978 958 typum
999 892 1216 958 praedestinatae
1233 895 1285 947 sibi

130 1001 172 1041 eae
185 995 349 1042 vocatusest
369 991 542 1055 Laurentius,
567 992 759 1057 praetermisso
780 992 891 1045 nomine
913 992 986 1059 quod
1008 999 1086 1059 pater
1107 1008 1173 1046 suus
1193 992 1285 1047 eidem

130 1094 233 1154 ceperat
245 1089 452 1154 imponendum.
686 1085 689 1091 '

130 1190 295 1241 ,becreverat
308 1194 383 1266 pater
402 1190 462 1254 ejus
474 1192 505 1240 ut
518 1202 566 1255 per
578 1194 679 1242 sortem
693 1190 854 1256 inquireret,
868 1205 948 1257 quem
967 1191 1002 1245 de
1023 1191 1085 1244 liliis
1098 1192 1155 1244 suis
1166 1192 1285 1246 clericali

130 1288 171 1339 tiae
189 1289 339 1340 ascriberet
351 1293 379 1339 et
390 1288 490 1341 divinis
502 1288 642 1341 dedicaret
659 1290 810 1356 obsequiis.
824 1289 877 1341 Sed
898 1290 1006 1343 divinae
1026 1289 1284 1355 praedestinationis

130 1387 190 1438 tione
199 1388 256 1452 jam
269 1399 336 1440 vero
357 1389 471 1439 sortitus
490 1401 558 1453 puer
576 1389 748 1453 Laurentius,
772 1387 877 1441 ablatus
899 1393 993 1443 sancto
1011 1389 1122 1454 Spiritu,
1147 1401 1176 1442 se
1195 1390 1283 1455 ipsum

133 1487 160 1539 lit
178 1487 211 1540 ad
224 1488 323 1539 christi
345 1488 468 1539 militiam
483 1489 568 1540 saeris
589 1488 686 1540 litteris
710 1489 899 1553 imbuendum,
913 1496 941 1542 et
962 1494 1117 1554 contempta
1134 1488 1285 1542 hereditate

130 1589 196 1639 torali
209 1600 280 1654 quae
298 1587 387 1653 ipsum
396 1587 556 1655 contingere
570 1588 710 1654 potuisset,
718 1588 854 1640 Christum
867 1588 919 1640 sibi
929 1587 957 1640 in
968 1588 1146 1641 hereditatem
1159 1588 1285 1642 alacriter

130 1686 209 1754 elegit,
223 1700 255 1739 ae
278 1687 301 1738 si
322 1685 427 1739 diceret
452 1703 459 1737 ε
482 1688 586 1739 Fortes
607 1687 787 1740 ceciderunt
807 1685 886 1740 mibi
906 1686 941 1740 irc
955 1688 1148 1753 praeclaris,
1170 1688 1284 1741 etenim

130 1785 209 1837 rditas
228 1798 297 1838 mea
314 1786 488 1851 praeclare
508 1787 554 1837 est
573 1784 661 1851 mibi,
674 1785 751 1850 guia
775 1786 923 1839 Dominus
944 1788 1078 1852 estpars
1101 1784 1284 1840 hereditatis

132 1885 293 1937 adsultans
306 1890 384 1949 pater
405 1884 433 1936 in
455 1883 522 1948 filio,
536 1885 608 1950 quod
631 1896 661 1937 se
681 1891 851 1950 spontaneus
873 1886 986 1938 Domino
1007 1885 1170 1952 devovisset,
1193 1886 1282 1951 ipsum

133 1982 156 2034 lit
169 1986 219 2037 beo
232 1988 259 2035 et
272 1990 367 2036 sancto
383 1985 521 2050 coangino
537 1989 653 2049 patrono
675 1984 839 2037 cathedralis
861 1985 992 2037 ecclesiae
1016 1984 1135 2052 regionis
1155 1984 1239 2050 illins,
1259 1990 1286 2039 et

130 2093 163 2132 am
174 2079 245 2134 fideli
258 2081 384 2148 ejusdem
401 2081 533 2134 ecclesiae
546 2081 748 2134 commendavit
761 2097 835 2148 eum,
848 2089 878 2134 ut
891 2096 954 2135 eum
968 2088 995 2135 et
1008 2081 1108 2135 litteris
1120 2081 1243 2135 erudiret
1258 2087 1284 2136 et

130 2180 360 2234 lbnsiniormaret.
375 2180 427 2233 Sed
448 2181 494 2247 qui
517 2194 580 2234 eum
601 2182 682 2248 elegit
703 2184 773 2234 beus
786 2182 875 2248 ipsum
896 2183 925 2233 in
947 2181 1039 2234 schola
1060 2181 1146 2233 sancti
1167 2182 1283 2247 Spiritus

132 2279 165 2331 ius
178 2280 287 2334 edocuit
300 2287 325 2332 et
339 2280 481 2346 multiplici
493 2282 624 2333 varietate
638 2281 771 2333 virtutum
786 2281 904 2335 ornarit.
924 2281 1043 2334 Profecit
1063 2294 1132 2347 puer
1152 2284 1239 2334 aetate
1257 2287 1284 2334 et

130 2380 196 2447 enda,
209 2380 324 2445 proiecit
337 2386 363 2431 et
376 2382 472 2447 gratia,
487 2387 514 2433 et
527 2379 662 2432 naturalia
685 2381 809 2446 corporis
829 2381 999 2433 incrementa
1021 2379 1204 2446 spiritualium
1224 2393 1284 2447 pro·

130 2477 238 2530 rebantur
261 2484 406 2546 augmenta
426 2477 586 2546 gratiarum.
612 2478 818 2531 concurrebant
841 2479 869 2530 in
893 2478 952 2544 ipso
973 2491 1080 2530 morum
1103 2479 1233 2531 bonestas
1254 2484 1281 2532 et

130 2577 168 2628 rtia
178 2577 338 2641 litterarum,
353 2583 380 2629 et
392 2591 424 2629 er
437 2577 565 2643 adjuncta
578 2578 692 2630 scientia
713 2579 783 2630 vitae
801 2578 931 2629 sanctitas
952 2576 1123 2643 splendidius
1142 2578 1282 2643 rutilabat,

131 2685 178 2726 sam
189 2676 333 2728 seientiam
347 2676 474 2728 honestas
488 2676 513 2728 ei
527 2677 627 2729 sociata
641 2677 755 2729 bomine
768 2677 956 2729 consecrabat.

141 2773 257 2840 Proinde,
271 2775 511 2828 succrescentibus
524 2776 639 2842 meritis,
661 2775 694 2827 ad
716 2775 841 2827 abbatiae
864 2774 1088 2827 Glandalacensis
1109 2774 1232 2842 regimen
1245 2781 1285 2828 est

131 2873 274 2937 mptus.Qui
288 2880 446 2940 susceptum
460 2874 600 2941 dignitatis
612 2873 727 2939 gradum
741 2873 881 2925 humiliter
894 2872 1099 2940 administrans,
1107 2873 1145 2924 sic
1160 2873 1209 2925 fuit
1223 2886 1286 2925 eum

130 2973 216 3036 eguasi
225 2986 298 3024 unus
308 2972 342 3024 de
351 2986 441 3040 grege.
449 2975 485 3025 be
496 2973 627 3041 regimine
638 2986 691 3025 non
703 2972 798 3038 elatus,
807 2971 853 3024 sed
865 2973 1039 3035 sulb]stratus
1047 2972 1081 3024 de
1090 2971 1283 3029 sollicitudine,

130 3081 167 3122 sno
178 3072 265 3139 rigore
280 3072 432 3137 corripiens
446 3072 517 3125 tilios
531 3078 557 3124 et
579 3085 672 3125 amore
686 3072 808 3124 fraterno
827 3077 1001 3137 supportans,
1021 3072 1048 3123 in
1072 3071 1286 3136 comprimendis

130 3178 173 3220 tet
192 3171 375 3223 reformandis
397 3172 545 3224 virtutibus
557 3185 586 3224 se
611 3171 763 3237 praelatum
784 3170 917 3232 exhibuit,
943 3169 990 3220 sed
1015 3168 1043 3219 in
1067 3180 1152 3220 onere
1178 3169 1284 3221 bomini

130 3268 184 3320 mdo
195 3271 268 3336 quod
282 3269 346 3322 aliis
359 3270 487 3337 alligabat
500 3284 612 3336 compar
624 3271 678 3323 suit
691 3275 717 3322 et
730 3270 822 3321 socius
843 3268 1024 3320 subditorum.
1036 3268 1185 3320 Exercebat
1202 3280 1231 3319 se
1249 3267 1283 3319 ad

132 3371 186 3432 tem,
198 3368 226 3420 in
236 3368 338 3422 divinis
351 3371 491 3437 obsequiis
514 3370 641 3422 assiduus
655 3375 681 3422 et
702 3369 827 3422 devotus.
844 3370 879 3420 be
901 3366 1090 3432 spiritualibus
1102 3367 1280 3437 incrementis

130 3465 177 3518 lose
192 3468 336 3535 sollicitus,
351 3469 514 3534 temporalia
528 3470 677 3535 prudenter
690 3474 717 3520 et
730 3473 841 3519 strenue
854 3466 1040 3533 dispensabat.
1055 3466 1081 3516 Si
1095 3465 1141 3531 qui
1153 3464 1278 3531 sacrilegi

130 3577 164 3614 ma
177 3567 326 3619 temeritate
339 3567 491 3619 secundum
505 3574 663 3619 consuetam
686 3567 761 3618 illius
773 3566 892 3632 regionis
915 3564 1044 3615 malitiam
1066 3563 1137 3615 bona
1151 3562 1281 3615 ecclesiae

130 3663 280 3718 invadendo
293 3665 454 3731 diriperent,
467 3667 593 3732 exemplo
607 3667 689 3732 lioysi
703 3666 849 3733 pugnantis
859 3668 953 3716 contra
963 3664 1090 3714 Amalech
1102 3668 1197 3714 contra
1207 3662 1281 3726 ipsos

132 3760 163 3811 ad
177 3764 259 3816 beum
271 3764 398 3828 precibus
411 3763 567 3827 dimicabat,
582 3765 697 3817 bomine
711 3763 869 3828 supplicans
890 3768 918 3814 ut
936 3763 1018 3824 bona,
1031 3774 1101 3827 guae
1113 3762 1202 3813 bonae
1216 3773 1281 3812 suae

130 3861 200 3912 :lerat
211 3863 352 3928 ecclesiae,
366 3863 422 3915 suis
436 3864 553 3915 servitiis
566 3865 708 3929 profutura
721 3868 841 3915 servaret
863 3868 889 3914 et
902 3860 1052 3913 secundum
1072 3860 1278 3925 dispositionem

130 3972 176 4011 nae
192 3974 256 4013 suae
270 3961 457 4026 providentiae
471 3963 616 4029 sacrilegos
628 3963 823 4026 comprimeret
836 3961 987 4013 invasores.
997 3960 1072 4011 Unde
1082 3964 1109 4011 et
1121 3959 1223 4011 factum
1236 3966 1278 4011 est

130 4067 211 4113 nente
224 4063 350 4125 Domino,
364 4064 410 4127 qui
425 4061 526 4128 quibus
538 4064 596 4115 vult
608 4064 753 4114 miseretur
777 4067 803 4114 et
824 4074 894 4127 quos
915 4061 972 4112 vult
992 4059 1112 4124 indurat,
1127 4058 1276 4124 utquidam

130 4159 240 4211 aedictis
260 4160 501 4224 malefactoribus,
521 4162 636 4213 Domino
658 4161 826 4224 miserante,
850 4160 1043 4225 resipiscerent
1062 4162 1089 4210 et
1109 4158 1279 4222 paenitentes

130 4273 153 4310 m
167 4259 347 4324 postularent,
362 4260 407 4312 alii
422 4267 559 4326 tamquam
583 4260 629 4311 lilii
654 4260 735 4312 Belial
755 4260 782 4310 in
807 4260 878 4310 libro
900 4259 994 4310 mortis
1007 4257 1145 4322 adscripti,
1166 4256 1275 4322 dignam

130 4360 210 4412 eelere
222 4374 271 4413 suo
280 4360 625 4426 reportantesmercedem,
635 4366 766 4412 extortam
779 4360 830 4411 sibi
845 4360 924 4411 vitam
938 4358 1119 4424 ignominioso
1126 4356 1275 4421 suspendio

130 4465 199 4512 rtem
212 4464 374 4526 perpetuam
387 4466 596 4513 commutarent.
619 4462 639 4512 l
660 4461 735 4512 falsis
748 4474 857 4526 quoque
879 4460 1009 4511 iratribus
1030 4470 1125 4525 graves
1147 4469 1272 4522 persecu·

140 4560 279 4622 sustinuit,
294 4559 342 4625 qui
356 4559 474 4612 insidiae
487 4561 591 4612 facibus
604 4560 721 4625 accensi,
735 4558 931 4612 destructionis
944 4556 1026 4610 dente
1036 4555 1173 4608 sinceram
1186 4554 1272 4621 ipsius
