3082 5498
155 280 200 345 38
502 296 626 347 aaran.
645 297 747 347 cono.
766 297 942 349 ansteus.
960 298 1041 350 nnn.

157 476 192 518 eo
211 464 293 531 qood
304 465 402 519 multo
420 465 521 532 magis
544 467 703 520 laederent
725 479 759 520 se
778 479 872 533 quom
896 466 1020 520 loedere
1036 468 1154 533 putant
1173 478 1231 520 me.
1256 465 1366 523 Getae!

157 567 263 618 tomen
285 566 314 618 et
334 564 481 632 gaudebo,
503 566 651 632 quoniam
671 566 771 620 omnis
793 567 976 633 temporalis
996 567 1092 620 illota
1114 565 1194 619 milti
1218 565 1314 619 laesio
1333 579 1366 618 ι

157 664 382 731 nimisjuvaoit
392 666 633 732 inperpetuum.
645 667 754 721 Scitote
774 667 854 734 quoti
875 667 970 720 etiam
987 667 1017 719 st
1029 667 1119 719 mitte
1138 664 1257 719 vicibus
1277 666 1318 718 od
1334 682 1366 721 =

157 763 329 818 remittatis
348 764 383 818 oh
404 763 486 819 hone
496 778 573 831 rem,
588 764 645 820 hos
657 765 829 820 sententias
841 778 882 818 eoo
894 765 964 832 ipso
976 765 1115 819 audietis
1137 780 1159 819 o
1179 779 1229 819 nte
1244 777 1305 831 per
1315 778 1366 822 ει

156 864 242 929 gnta.
1031 923 1033 926 ,

191 961 247 1015 33.
260 962 391 1016 Proiectis
403 962 492 1015 missis
503 964 538 1016 ah
550 977 593 1027 eo,
615 964 713 1016 iterum
738 963 792 1016 duo
811 964 972 1030 presbyteri,
995 963 1041 1030 qui
1062 963 1149 1029 ipsius
1168 963 1366 1019 heatitohet:

159 1065 275 1129 inerant,
289 1063 416 1130 equibus
428 1077 500 1115 unus
513 1066 586 1117 hunc
597 1069 723 1116 sanctum
742 1063 896 1116 accusando
921 1062 1046 1116 mercede
1067 1062 1254 1128 episcopatum
1272 1075 1366 1122 απαξ

159 1162 304 1216 Heracleae
323 1171 470 1227 venerunt,
489 1163 564 1215 missi
585 1164 620 1217 ab
643 1164 779 1229 episcopis
798 1164 951 1226 contrariis,
974 1163 1117 1215 dicentes:
1139 1161 1313 1216 &nuntiet

156 1262 317 1328 synodos:
335 1262 409 1314 Veni
419 1262 462 1315 ott
472 1275 529 1316 nos
549 1266 580 1316 et
598 1261 732 1330 satisfac
750 1262 789 1315 de
810 1262 933 1315 delictis
952 1263 1026 1327 tuis,
1046 1275 1085 1315 ne
1102 1261 1262 1314 vindictae
1280 1260 1366 1322 sti!

158 1375 236 1415 ceos.
251 1361 291 1413 hd
309 1374 378 1428 quos
390 1374 439 1427 per
451 1367 507 1414 tres
519 1361 663 1429 episcopos
675 1363 744 1416 alios
757 1362 974 1427 sapientissimus
983 1363 1122 1415 iohannes
1135 1361 1250 1424 remisit,
1269 1360 1364 1417 dice

158 1461 313 1527 injustam
327 1473 393 1513 rem
405 1457 521 1527 facitis,
535 1461 591 1527 qui
600 1473 650 1514 me
660 1461 814 1514 domitore
826 1460 889 1528 ipsi
908 1463 939 1513 et
951 1460 1138 1514 examinare
1148 1459 1266 1526 eripitis
1285 1460 1314 1513 et
1348 1483 1366 1532 p

157 1560 377 1614 meosclericos
390 1560 571 1613 vocatisme.
589 1560 627 1612 hd
642 1561 709 1613 haee
721 1560 760 1611 illi
773 1559 917 1612 daemonis
929 1560 1071 1625 instinctu,
1093 1563 1214 1627 agrestes
1235 1557 1308 1611 ferae
1332 1577 1366 1616 re

159 1660 218 1726 diti,
238 1659 419 1724 suscipientes
437 1660 544 1720 missos,
564 1659 648 1711 alium
666 1659 834 1720 ceciderunt,
856 1659 939 1712 alium
961 1657 1164 1721 consciderunt,
1187 1656 1272 1710 alium
1292 1665 1366 1712 caten

158 1760 313 1821 vinxerunt,
327 1771 408 1824 quam
422 1763 515 1811 sancto
528 1760 646 1811 iohanni
658 1764 897 1825 praeparaverant,
909 1765 939 1811 ut
951 1760 1107 1811 venientem
1128 1757 1162 1809 ad
1184 1771 1214 1810 se
1226 1763 1332 1822 captam
1355 1770 1366 1802 ε

156 1859 279 1909 vinctum
292 1856 432 1909 naviculae
445 1857 625 1922 imponentes,
639 1859 672 1910 ad
686 1859 821 1911 oecultum
836 1858 926 1911 locum
939 1857 1165 1909 transmitterent.
1189 1856 1243 1909 Sed
1264 1860 1366 1909 sanctu:

158 1968 342 2022 praenoscens
355 1968 450 2008 eorum
466 1956 668 2022 malignitatem,
691 1956 809 2021 perstitit
828 1958 857 2008 in
877 1956 935 2009 loeo
956 1968 1014 2008 suo.
1037 1954 1076 2007 nd
1097 1968 1182 2022 quem
1200 1943 1366 2008 accusanda*

160 2054 275 2120 praefati
287 2054 406 2119 episcopi
419 2055 553 2107 miserunt
564 2055 722 2121 imperatori
735 2055 874 2107 dicentes:
888 2055 1059 2108 aecusatus
1071 2056 1116 2106 est
1126 2051 1282 2106 iohannes
1298 2061 1366 2119 opta

160 2164 218 2204 reos
239 2139 538 2219 super'qeihusdam
559 2153 653 2204 molis
672 2153 750 2204 seis.
767 2152 859 2210 Quem
874 2153 1028 2204 mittentes
1048 2150 1246 2215 oocoointus3
1267 2153 1300 2203 ot
1315 2151 1366 2203 itt«

161 2251 261 2304 sotem
281 2264 356 2305 vero
373 2265 438 2305 esse
458 2252 672 2305 criminosae
692 2266 773 2319 quoe
792 2253 984 2311 audivimus,
1006 2250 1109 2305 notuit
1130 2250 1237 2303 venire
1257 2251 1298 2303 od
1315 2263 1366 2304 noe

163 2352 253 2406 Hanc
264 2364 358 2405 sacro
372 2353 423 2405 tea
435 2352 472 2405 de
483 2353 658 2405 sacerdotio
670 2353 782 2420 deponi
785 2352 1008 2418 jubetissunt
1016 2363 1082 2404 ecee
1093 2349 1192 2403 lihetti
1197 2350 1366 2403 continente

164 2452 274 2518 culpes
282 2463 344 2518 pro
356 2451 556 2518 quiliusJ'uste
567 2451 674 2505 debeat
691 2452 812 2519 deponi.
825 2452 949 2517 Diriqat
965 2453 1104 2517 potestas
1125 2452 1231 2502 oestro
1252 2449 1366 2502 inviter

164 2552 252 2604 eccire
263 2551 306 2604 od
317 2564 458 2605 eooomeo.
474 2553 575 2604 tiorum
588 2553 670 2605 veiha
683 2565 732 2617 pro
746 2552 831 2605 nihilo
843 2552 920 2604 duxit
932 2556 1043 2604 sanetus
1053 2551 1205 2604 lohannes.

163 2681 167 2689 ·
195 2651 250 2703 34.
276 2652 354 2703 llunc
373 2657 496 2704 sanctum
517 2653 680 2717 iohannem,
703 2658 817 2704 cunctos
839 2652 973 2713 homines,
995 2650 1142 2716 praecipue
1162 2649 1262 2711 honos,
1286 2649 1366 2714 optim

161 2749 330 2818 diligentem,
344 2749 457 2815 pessimi
469 2751 602 2814 odientes,
624 2756 652 2802 ut
665 2764 715 2816 per
734 2751 826 2803 omnia
847 2749 995 2815 laederent,
1018 2749 1181 2801 incusabant
1199 2747 1285 2815 quod,
1308 2748 1363 2799 nim

161 2849 260 2902 odiens
271 2847 434 2901 domesticos
445 2849 537 2914 palatii
550 2856 631 2916 atque
644 2849 856 2916 imperatricem,
869 2862 918 2915 pro
931 2847 1097 2900 invenienda
1118 2853 1224 2900 tantum
1245 2847 1366 2900 occasior

163 2948 312 3016 injuriandi
326 2961 374 3001 eos
397 2949 558 3015 loqueretur
578 2950 737 3015 frequenter
758 2948 786 3001 in
805 2947 907 3014 populo
928 2960 1070 3001 sermones
1090 2947 1271 3013 corripientes
1292 2959 1366 3012 pram

160 3061 251 3100 mores
264 3047 418 3113 hominum,
432 3051 458 3100 et
470 3048 534 3113 quia
546 3046 708 3100 delectantia
721 3047 852 3113 populum
864 3047 947 3099 verha
961 3046 1023 3099 ideo
1044 3046 1179 3110 proterret
1191 3060 1224 3099 ac
1243 3048 1347 3099 honum

160 3147 283 3200 moribus
296 3147 415 3212 propriis
426 3147 587 3199 existentem
611 3147 750 3199 hominem
773 3151 916 3213 propterea
938 3145 1148 3210 demonstraret,
1163 3150 1193 3198 ut
1213 3146 1335 3199 seductis
1349 3159 1366 3199 ε

161 3247 295 3300 satissime
317 3250 456 3299 amaretur
482 3252 509 3298 ct
529 3247 711 3298 honoraretur
731 3247 765 3298 ah
789 3246 927 3298 omnihus.
954 3247 1102 3311 imperator
1135 3250 1225 3297 autem
1247 3243 1366 3297 Arcadii]

159 3357 313 3412 agnoscens
327 3343 429 3410 liquide
443 3345 517 3410 quod
530 3343 630 3410 injuste
643 3343 783 3396 afflixisset
794 3344 961 3408 Theophilus
975 3343 1133 3403 monachos,
1144 3355 1194 3407 per
1206 3354 1366 3408 quosoccas

160 3443 309 3497 tribulandi
323 3450 447 3497 sanctum
468 3444 619 3497 iohannem
641 3450 749 3509 reperta
770 3449 820 3505 cst,
841 3444 923 3511 jussit
936 3456 982 3496 eos
1004 3442 1094 3495 redire
1108 3443 1141 3495 ad
1165 3442 1273 3508 propria
1288 3442 1347 3495 loca

159 3556 286 3610 quaeque
300 3544 410 3595 ruerant
421 3543 532 3596 illorum
545 3544 649 3596 restitui
663 3549 689 3595 et
701 3543 784 3596 cellas
806 3544 930 3609 proprias
952 3542 1142 3609 redintegrari.
1156 3542 1320 3607 lmpetatrix
1336 3545 1366 3594 tu

160 3641 271 3707 pissima
284 3646 312 3694 et
325 3641 451 3708 maligna,
467 3642 577 3695 nomine
591 3648 618 3694 et
627 3642 761 3695 saeculari
774 3642 904 3710 dignitate
918 3641 1019 3707 quihus
1031 3640 1198 3707 gloriabatur
1211 3640 1345 3699 Eudoxia,
1360 3640 1366 3690 i

160 3744 203 3793 est
213 3740 286 3793 hona
299 3739 433 3807 gloriatio,
448 3753 503 3794 non
516 3741 640 3808 gloriatio
654 3746 759 3794 tantum
781 3740 903 3794 existens
925 3741 1001 3805 haec,
1015 3739 1150 3792 adversus
1169 3739 1259 3791 virum
1281 3739 1366 3792 heatus

160 3839 314 3891 iohannem
327 3838 493 3892 validissime
504 3839 608 3907 furens,
615 3853 646 3892 ea
656 3853 727 3906 quae
736 3839 769 3892 ad
780 3839 907 3905 injuriam
917 3844 944 3891 et
954 3837 1176 3891 amaricationem
1186 3837 1366 3903 laesionemque

161 3937 242 4003 huius
256 3942 321 3990 tune
333 3942 413 3990 erant
425 3937 577 4004 cogitabam
593 3938 640 3991 sed
654 3944 715 4004 post
728 3937 813 3991 multo
826 3936 944 4003 amplius
956 3949 1034 3989 suam
1049 3935 1226 4002 pertinaciam
1245 3935 1366 3989 exercet)

161 4036 271 4090 cotidie.
285 4039 358 4101 Quae
370 4039 497 4102 optatum
512 4038 624 4090 nomine
637 4038 775 4105 quendam
791 4042 915 4091 vocatum
928 4037 1086 4103 magistrum
1110 4034 1223 4086 militiae
1245 4033 1366 4088 ordinavi

162 4135 209 4201 qui
223 4140 280 4187 erat
292 4135 409 4188 latenter
426 4148 559 4203 paganus,
572 4141 602 4187 ut
613 4137 715 4189 Laban.
730 4135 783 4189 Sed
796 4141 827 4188 ut
839 4137 885 4188 illc
897 4136 986 4202 qualis
998 4139 1070 4187 esset
1082 4134 1208 4200 apparuit
1220 4146 1270 4199 per
1282 4133 1366 4188 beatu

159 4234 243 4286 taeoh
255 4234 383 4286 vivaciter
394 4235 483 4287 vivum
498 4241 525 4287 et
537 4248 632 4287 verum
657 4239 741 4288 heum
763 4236 921 4288 credentem
945 4239 971 4287 et
992 4234 1138 4298 colentem,
1162 4233 1196 4284 ita
1216 4231 1366 4288 detectuse

162 4332 215 4385 iste
226 4333 397 4400 peruentum
417 4335 582 4398 iohannem,
604 4334 726 4387 studiose
748 4342 775 4386 et
794 4334 909 4386 viriiiter
929 4333 1049 4387 eundem
1072 4334 1156 4384 heum
1179 4337 1348 4397 sequentem

164 4432 378 4499 praedicantem.
393 4434 426 4486 ut
437 4440 527 4486 autem
540 4434 581 4485 vir
596 4432 643 4486 hei
656 4434 749 4495 iacob,
761 4433 788 4484 id
801 4440 843 4485 cst
856 4432 1049 4498 supplantatio,
1070 4431 1197 4483 vitiorum
1219 4430 1337 4495 scilieet,
1352 4448 1366 4500 q

161 4532 306 4596 estlsrael‚
327 4533 378 4586 hoe
398 4537 439 4585 est
461 4531 557 4584 videns
578 4534 673 4595 heum,
697 4533 807 4599 dicitur,
827 4545 858 4585 ex
878 4531 1017 4599 germanis
1040 4529 1180 4583 sororibus
1192 4528 1240 4582 hia
1251 4534 1282 4582 et
1296 4532 1366 4586 ilaei
