3076 5498
247 329 341 380 amn.
360 330 445 381 usu.
465 332 582 382 etms.
616 357 634 365 ·-
662 333 820 383 nesano.
838 334 885 383 nu
904 333 982 382 coo.
1004 329 1097 382 uooa.
1216 315 1283 382 377

375 553 585 666 apponunt
609 554 658 641 aa
689 553 771 645 ool.
808 554 959 644 noua.

207 803 391 882 ,urbicum
421 802 456 869 S.
492 804 667 870 basinam
700 823 850 872 uerscopt
881 805 1123 871 Cnuoncunsts·

411 905 495 987 (Cir.
516 931 626 998 supra,
653 932 685 998 p.
713 913 918 998 374‚100⁰).

130 1115 185 1167 llio
198 1126 308 1181 quoque
320 1119 443 1179 tempore
464 1113 626 1168 adolescens
647 1114 784 1183 quidam‘,
799 1114 912 1167 nomine
933 1113 1116 1180 lluccolenus,
1129 1125 1144 1166 a
1161 1112 1278 1166 tertiano
1337 1102 1424 1179 ⁹904·

130 1219 244 1277 rexatus,
258 1214 375 1280 graviter
388 1214 531 1266 laborabat
544 1227 593 1278 per
610 1215 668 1266 dies
684 1214 793 1267 multos.
808 1213 939 1278 Quidem·
961 1213 1093 1266 miracula
1111 1212 1276 1266 contessoris
1319 1166 1441 1288 ww·

130 1328 203 1379 cens,
215 1314 345 1366 ardenter
368 1312 448 1365 valde
470 1312 675 1380 adsepulerum
696 1314 756 1381 ejus
773 1313 991 1376 contendit3ubi
1012 1313 1136 1366 oratione
1158 1312 1280 1378 perfusa,

130 1414 214 1466 cinari
228 1413 282 1465 sibi
303 1417 427 1464 sanctum
448 1413 598 1465 antistitem
621 1412 776 1478 postularit.
791 1416 908 1478 Accepto
928 1416 1020 1465 autem
1040 1411 1148 1478 liquore
1167 1424 1202 1464 ex
1223 1423 1278 1477 quo
1298 1417 1309 1435 ⁸

130 1517 132 1564 i
145 1514 252 1565 sanare·
266 1510 364 1576 solent,
377 1511 522 1566 custodum
536 1525 565 1565 se
585 1513 724 1565 orationi·
745 1511 959 1565 commendavit.
972 1514 1083 1565 liecuon
1096 1515 1157 1578 post
1168 1511 1279 1578 longum
1330 1499 1349 1587 ζ
1360 1498 1416 1552 ὅῑθ·

130 1626 175 1677 un,
200 1622 319 1676 superna
340 1611 425 1677 gratia
452 1610 609 1675 miserante,
636 1609 809 1677 contagionis
832 1614 909 1676 parte
939 1610 1053 1676 depulsa
1077 1609 1196 1676 speciem
1221 1610 1276 1663 vivi
1311 1565 1445 1686 ommi·

130 1712 178 1775 nis,
192 1723 274 1777 quam
284 1710 341 1776 jam
353 1707 521 1775 perdiderat,
536 1708 648 1775 recepit.
663 1710 706 1762 sic
718 1709 830 1761 demum
841 1709 966 1769 irraditus
976 1709 1073 1763 morbo
1083 1697 1198 1777 expulso
1212 1710 1282 1762 sani·

130 1855 131 1861 ,
145 1809 287 1876 pristinam
301 1807 440 1874 indeptus,
454 1807 487 1859 ad
501 1807 592 1860 locum
606 1808 746 1874 proprium
761 1807 853 1860 rediit.

136 1911 200 1961 ltem
214 1909 255 1961 vir
267 1905 380 1973 quidam
393 1919 429 1959 ex
450 1914 538 1960 castro
551 1907 685 1960 Mercurio
697 1907 821 1974 veniens,
835 1920 917 1974 quem
938 1907 1069 1960 continua
1080 1906 1194 1959 vexabat
1206 1903 1281 1957 intir-

130 2045 140 2073 ,
165 2008 198 2060 ad
220 2007 382 2059 memoriam
404 2006 475 2058 beati
489 2006 621 2059 besiderii
644 2019 705 2059 sese
717 2019 779 2059 cum
801 2005 902 2059 fiducia
921 2006 1047 2059 contulit.
1069 2007 1124 2069 Qua
1145 2004 1276 2058 adversus

130 2108 243 2161 crarium
256 2106 308 2159 sibi
321 2106 456 2172 liquorem
472 2106 645 2159 salutiferum
656 2107 798 2173 impertire
807 2107 939 2174 deposcit,
952 2105 1144 2160 benedictione
1153 2105 1276 2172 exposita

130 2209 166 2270 iit,
187 2207 324 2272 accipiens
343 2206 467 2272 sumpsit,
489 2206 660 2273 patrocinare
680 2207 732 2259 sibi
754 2207 905 2260 antistitem
926 2206 1058 2274 poposcit,
1081 2182 1225 2272 idemque
1245 2204 1281 2258 de

130 2310 176 2360 lta·
190 2308 276 2361 salute
288 2305 430 2372 abscessit,
443 2311 470 2358 et
482 2306 596 2360 ltomino
609 2311 741 2373 operante
753 2306 836 2360 celeri
850 2313 984 2372 proventu
997 2311 1109 2359 sanatus
1125 2311 1176 2359 est.
1189 2305 1280 2359 Gloria
1317 2291 1429 2412 ab&

132 2409 255 2474 ebriste3
278 2414 304 2460 et
325 2408 376 2459 ista
399 2412 445 2459 tua
465 2414 528 2460 sunt
552 2420 644 2474 opera,
666 2412 710 2460 tua
732 2406 760 2459 in
781 2407 910 2460 omnibus
934 2405 1034 2460 cotidie
1052 2406 1157 2474 fulgent
1176 2405 1280 2472 ubique
1431 2395 1438 2409 '

130 2507 196 2559 talla.
846 2510 850 2516 ’

135 2605 193 2658 llio
205 2618 317 2673 quoque
327 2611 450 2672 tempore
466 2605 600 2671 puerulus
611 2604 724 2673 quidam
734 2618 767 2658 ex
782 2605 978 2659 monasterium
989 2606 1080 2658 Sancti
1093 2605 1233 2670 [amantii]
1247 2607 1282 2669 (t)

130 2721 146 2771 ι,
159 2705 233 2772 quod
245 2705 316 2758 inira
337 2709 413 2771 septa
426 2705 567 2770 municipii
581 2704 720 2759 cadurcae
735 2706 861 2769 babetur,
875 2706 935 2759 dies
955 2706 1056 2759 multos
1069 2706 1098 2759 in
1110 2704 1281 2774 aegritudine

129 2817 180 2857 aus
201 2806 378 2858 vehementer
396 2807 453 2873 jam
474 2805 639 2858 tabescebat.
664 2806 795 2869 Quicum
818 2805 894 2859 nullo
916 2804 1098 2871 recuperandi
1120 2811 1281 2873 argumento

130 2911 198 2970 eret,
212 2905 437 2969 sanctimonialis,
453 2904 592 2971 quaeillic
604 2910 740 2971 praeerat,
754 2905 787 2957 ad
802 2906 961 2958 memoriam
975 2904 1061 2958 sancti
1075 2904 1205 2958 besiderii
1217 2904 1281 2957 diri·

130 3006 239 3071 studuit,
252 3010 334 3071 atque
353 3017 385 3057 ex
410 3018 443 3058 eo
464 3004 595 3057 medendi
619 3005 735 3071 liquore,
750 3003 823 3070 quod
844 3005 937 3058 multis
957 3006 1090 3072 prodesse
1107 3004 1185 3068 solet,
1198 3015 1281 3072 aegro

130 3105 211 3157 {ferre
223 3104 360 3170 exposcit;
375 3104 531 3170 laetumque
546 3110 595 3156 est.
611 3106 796 3157 praecurrens
808 3111 900 3157 autem
921 3105 1030 3170 missus,
1043 3105 1086 3157 cui
1107 3117 1207 3157 nomen
1221 3104 1284 3155 Pro·

130 3217 168 3267 us,
182 3202 216 3256 ad
228 3203 384 3268 sepulcrum
405 3203 491 3256 sancti
512 3204 663 3269 contendit,
678 3204 820 3257 custodem
840 3203 916 3268 adiit,
930 3217 1024 3269 preces
1043 3203 1153 3272 ingerit,
1166 3202 1282 3256 benedi·

130 3316 171 3354 em
184 3302 316 3368 exposcit,
330 3302 472 3369 impetrata
485 3314 578 3354 secum
591 3301 699 3368 detulit,
714 3315 795 3370 aegro
807 3303 948 3369 impertiit,
963 3302 1137 3357 confidenter
1154 3302 1280 3368 accipere

130 3402 167 3454 tit.
176 3401 253 3464 Quod
262 3414 325 3454 cum
334 3414 415 3469 aeger
425 3400 543 3459 iecisset.
554 3402 745 3456 contessoreet
753 3403 869 3468 spiritus
878 3403 965 3471 gratia
974 3403 1106 3470 largiente
1116 3414 1281 3468 recuperare

132 3502 152 3552 it
165 3502 291 3554 salutem.

137 3599 190 3651 Sed
203 3600 353 3652 necsolum
374 3598 408 3652 ad
421 3597 578 3664 sepulerum
602 3602 662 3666 ejus
683 3601 749 3653 baec
770 3599 848 3668 signa
865 3613 961 3667 gerere
981 3600 1162 3654 arbitremini.
1184 3600 1281 3654 Audite

130 3699 196 3750 alibi
209 3700 333 3766 gesserit.
348 3698 575 3766 Pompegiacus..

130 3901 173 3947 uo
192 3882 225 3949 S.
245 3884 397 3949 Mnumru
414 3902 556 3949 nuvious
574 3885 784 3950 noruunusrs
799 3883 880 3969 (Cir.
898 3905 1010 3970 supra,
1029 3905 1061 3970 p.
1080 3885 1160 3965 375,
1172 3886 1277 3973 112⁰).

130 4083 181 4156 pit
201 4086 369 4157 prologus
384 4084 421 4143 ln
434 4085 602 4157 passione
623 4085 740 4145 sancti
755 4085 915 4145 Maurlnl
935 4085 1113 4158 martyris
1134 4086 1278 4148 Christi

130 4264 261 4316 riscorum
274 4264 385 4331 quidem
398 4264 514 4318 traditur
526 4278 629 4318 morem
643 4266 727 4318 fuisse
744 4266 895 4333 gentilium,
908 4271 938 4319 ut
950 4266 1089 4319 fortissimi
1102 4265 1204 4333 quique
1216 4265 1279 4320 tiro·

135 4363 263 4417 militaris
282 4365 354 4418 vires
374 4363 535 4431 disciplinae
555 4366 699 4418 cotidianis
719 4366 854 4418 exercitiis
875 4372 1072 4432 assuescerent,
1086 4370 1117 4419 ut
1139 4366 1184 4419 tali
1203 4381 1278 4421 exer·

130 4532 172 4580 lta
186 4528 331 4594 legendum
355 4528 482 4582 videtur:
496 4530 616 4583 sortiere
638 4543 749 4595 prorsus
761 4529 851 4583 deleta
872 4537 912 4584 est
930 4532 958 4585 iu
980 4531 1040 4586 cod.
1056 4535 1092 4586 lle
1113 4535 1278 4587 monasterio

130 4612 138 4661 i
156 4611 275 4662 Amantii
291 4610 341 4662 cir.
360 4610 444 4666 dati.
462 4609 587 4677 Christ,
601 4616 666 4664 tom.
682 4613 701 4675 l,
716 4626 742 4679 p.
759 4614 816 4665 tol.
