3076 5498
243 106 287 176 76
588 124 714 175 caran.
734 124 836 174 cono.
856 122 1033 175 naamon.
1051 123 1134 175 nur.

245 294 312 347 mibi
332 294 464 347 continue
487 293 654 347 adhaerente
672 292 820 347 admodum
841 299 1044 359 praegravatus.
1058 305 1119 346 cum
1141 291 1311 361 aliquotiens
1330 290 1470 360 suffugium

245 394 345 462 quietis
357 394 483 447 internae
495 406 670 460 reposcerem
682 395 810 460 viresque
830 393 932 446 laboris
942 393 1057 461 iugitate
1070 394 1175 446 solutas
1193 374 1342 447 reiectione
1355 393 1474 445 lectionis

246 504 373 558 reparare
383 497 556 559 temptarem,
567 491 690 545 dulciora
699 492 764 543 milri
778 498 934 545 sanctorum
948 492 1074 558 exempla
1081 491 1115 545 ad
1127 490 1349 545 confirmandum
1361 504 1408 544 cor
1418 503 1474 544 esse

245 590 396 644 sentiebam
409 597 436 643 et
445 592 524 658 quasi
534 591 644 644 salubre
653 590 806 644 antidotum
823 595 919 643 contra
930 591 1040 644 morbos
1050 592 1195 645 vitiositate
1203 591 1335 645 collectos
1344 589 1474 657 placidius

246 690 429 744 insorbebam.
444 693 511 743 cum
523 704 588 745 vero
601 692 748 744 roborarer
760 689 795 743 de
806 690 914 757 ceteris,
928 691 1013 759 magis
1032 691 1158 758 optabam
1172 692 1207 744 de
1220 691 1306 757 patris
1325 703 1360 744 ac
1370 689 1473 756 patroni
1500 705 1538 732 ‘-

246 789 332 841 nostri
346 789 447 842 Urbani
457 790 572 843 refoveri
584 790 678 857 pestis,
688 802 775 856 eoque
787 795 849 842 voto
862 789 1004 842 volumine
1016 790 1177 858 frequenter
1187 795 1343 856 assumpto,
1352 788 1475 842 manibus

245 888 433 955 deportabam,
457 889 636 954 respiciebam
663 889 759 953 oculis,
781 888 863 941 corde
891 889 1050 942 tractabam.
1077 889 1251 956 Loquacitate
1278 893 1372 942 autem
1394 887 1476 940 nimia

246 986 397 1041 horrebant
409 988 535 1054 insipida,
549 988 701 1040 maledictis
713 989 863 1053 procaciter
875 989 997 1055 prolatis,
1011 987 1168 1041 mordacius
1180 987 1369 1055 reciprocatis,
1381 986 1476 1039 immo·

245 1087 349 1150 derata,
360 1087 530 1141 soloecismis
538 1089 777 1142 inconditissensu
785 1093 811 1141 et
820 1087 905 1155 signis
913 1087 1043 1154 impolita,
1051 1087 1357 1153 cumllrbanum,urbis
1365 1098 1477 1153 magnae

246 1186 400 1252 alumnum,
414 1187 563 1240 modestiae
574 1188 673 1239 Christi
686 1187 862 1253 ‹liscipulum,
875 1189 959 1240 sciam
972 1193 999 1239 et
1011 1182 1120 1240 credam
1133 1200 1196 1239 cum
1210 1186 1347 1239 modestia
1359 1191 1387 1238 et
1396 1184 1477 1238 urba·
1500 1219 1508 1224 -

247 1285 331 1338 nitate
343 1298 410 1338 vera
423 1293 610 1352 prosecutum.
624 1289 794 1353 Quapropter
815 1289 843 1339 in
856 1288 1048 1341 collimitaneis
1061 1287 1292 1340 monasteriorum
1305 1285 1477 1339 bibliothecis

246 1385 268 1436 si
296 1385 361 1451 quid
380 1385 507 1438 decorius
525 1386 672 1439 haberetur
690 1387 836 1439 instantius
860 1387 1024 1454 perquisivi,
1043 1385 1093 1440 sed
1114 1385 1275 1439 nullatenus
1295 1387 1352 1439 voti
1369 1396 1477 1451 compos

247 1484 348 1536 inveni.
364 1486 394 1537 in
407 1484 477 1538 urbe
489 1498 601 1551 quoque
613 1486 725 1538 alumna
747 1486 799 1538 sibi
813 1485 863 1538 leci
886 1486 1018 1552 perquiri,
1031 1484 1079 1539 sed
1101 1498 1149 1551 spe
1169 1497 1256 1548 cassa,
1270 1485 1408 1550 promissa
1424 1496 1477 1536 nou

248 1582 339 1635 missa.
353 1585 411 1635 llon
424 1584 516 1651 igitur,
531 1584 621 1649 quoad
634 1584 687 1635 vita
699 1584 843 1649 supererit,
857 1584 928 1636 sitim
942 1584 1094 1650 quaerendi
1107 1584 1211 1650 absque
1224 1583 1387 1636 inventione
1398 1581 1476 1635 amis·

246 1694 337 1745 surus,
358 1684 437 1734 statui
459 1696 530 1749 quae
553 1696 617 1748 prae
640 1684 768 1736 manibus
788 1686 853 1736 sunt
874 1685 954 1737 nobis
974 1684 1165 1737 tantummodo
1185 1683 1337 1738 domestico
1359 1681 1475 1750 igniculo

246 1791 382 1845 reparare,
395 1781 480 1833 salem
498 1794 610 1848 quoque
628 1788 801 1835 mansuetum
816 1796 863 1848 pro
885 1783 1006 1836 moribus
1028 1796 1059 1835 ac
1072 1783 1124 1835 ritu
1146 1782 1358 1836 consuetudinis
1369 1786 1474 1835 nostrae

246 1892 400 1947 asperqere,
413 1885 443 1933 ut
455 1888 481 1933 et
494 1882 520 1933 in
535 1882 674 1937 laboribus
686 1881 853 1935 desudantes
865 1889 892 1935 ct
902 1883 929 1934 in
942 1884 1125 1936 sollemnitate
1137 1883 1258 1950 martyrii
1268 1882 1409 1949 jucundos
1418 1892 1475 1945 ere-

246 1979 299 2031 lius
311 1987 431 2045 pascanl.
445 1983 497 2033 Nec
512 1981 576 2032 mibi
589 1981 651 2048 quis
673 1980 863 2048 nujuscemodi
877 1983 1129 2049 praesumptionem
1140 1982 1265 2048 imputet.
1276 1984 1317 2034 Tu
1330 1994 1375 2035 me
1385 1979 1473 2048 coqui·

244 2085 330 2131 torem
352 2079 449 2141 iecisti,
464 2087 491 2132 tu
505 2094 548 2132 me
568 2081 596 2132 in
609 2082 660 2132 noc
679 2080 768 2134 ollicio
783 2082 910 2147 posuisti,
923 2094 986 2133 cum
1007 2087 1070 2134 ante
1084 2081 1222 2148 praecepti
1241 2081 1280 2134 tui
1302 2079 1470 2133 amicabilem

245 2177 401 2231 violentiam
422 2179 490 2230 nibil
504 2180 557 2231 tale
569 2185 755 2245 temptassem.
769 2183 835 2232 llam
856 2186 883 2232 et
895 2187 1052 2234 sanctorum
1063 2187 1139 2249 gesta
1158 2180 1336 2234 conscribere
1353 2179 1469 2243 alemini,

244 2277 372 2331 videlicet
388 2280 468 2330 Elasii
488 2293 519 2330 ac
543 2278 708 2339 Leudomiri,
728 2280 755 2331 in
776 2280 886 2333 elimato
911 2280 1094 2333 tremebundo
1112 2286 1225 2334 retunso
1243 2280 1317 2345 stilo,
1340 2278 1500 2335 violentos

244 2377 450 2442 amplectendus
462 2379 581 2430 monitor
595 2379 740 2453 ingessisti.

277 2472 390 2541 suscipe
402 2477 504 2542 itaque,
517 2478 539 2527 si
552 2475 626 2542 quod
639 2476 703 2529 inde
717 2476 824 2530 lacinus
834 2478 965 2543 eruperit,
976 2483 1004 2530 et
1012 2482 1105 2544 utpote
1112 2483 1190 2531 tuum
1201 2477 1335 2531 mevenia
1347 2476 1504 2530 fulciente

244 2578 377 2628 sustenta.
392 2577 496 2641 Quippe
508 2574 530 2627 si
545 2581 652 2643 gratum
665 2588 801 2643 agnovero
814 2576 887 2644 quod
902 2577 982 2630 nobis
995 2576 1024 2629 in
1042 2578 1142 2644 angulo
1156 2576 1197 2630 vel
1210 2577 1262 2630 sub
1274 2576 1502 2644 1111111113-

242 2687 304 2727 rum
316 2683 367 2726 usu
380 2675 518 2727 rusticano
531 2681 654 2739 paralum
667 2681 718 2733 est,
732 2676 781 2727 tibi
795 2676 823 2727 in
836 2677 905 2728 urbe
918 2676 986 2728 etin
1010 2676 1070 2728 aula
1083 2684 1229 2743 apponam,
1243 2677 1265 2728 si
1287 2673 1368 2729 modo
1381 2684 1499 2741 persi>-

242 2787 306 2827 uam
318 2774 488 2827 abscondere
501 2775 684 2840 repromittas.
697 2775 842 2840 Explicit
853 2776 1000 2839 epistole.

338 2976 468 3049 Incipit
489 2975 669 3047 praefatio
690 2975 729 3034 in
749 2974 918 3047 passione
940 2975 1058 3036 111111
1080 2975 1222 3036 Urbani
1243 2989 1371 3048 pepnc.

276 3173 390 3238 Saepius
401 3172 440 3224 rei
459 3171 605 3237 cujustibet
624 3172 800 3224 innovatione
820 3172 1003 3237 potiusquam
1023 3171 1144 3224 novitate
1158 3171 1321 3225 miraculum
1343 3169 1474 3229 rimant,

243 3273 316 3339 quod
329 3273 439 3325 salubre
452 3277 493 3324 est
505 3273 584 3323 etiam
598 3272 697 3323 insane
709 3272 856 3336 respuitur,
870 3272 935 3323 dum
948 3271 1030 3323 saliva
1048 3271 1150 3339 gutturi
1163 3277 1273 3324 assueta
1285 3271 1393 3324 suavius
1403 3264 1471 3321 bibi·

244 3378 305 3438 tur;
319 3373 393 3425 unde
408 3372 559 3425 veridicam
578 3372 742 3424 sententiam
756 3372 922 3437 experimur,
936 3384 1018 3437 quam
1036 3371 1146 3437 quidam
1164 3370 1309 3424 familiaris
1327 3369 1469 3436 sapientiae
1481 3350 1510 3405 ⁵3

244 3476 429 3537 protestatur:
446 3469 562 3535 Omnis,
577 3471 673 3536 inquit,
688 3469 793 3540 scotta
806 3469 939 3522 mactatio
960 3481 1068 3521 reram
1080 3482 1144 3522 non
1154 3469 1223 3522 sinc
1234 3469 1370 3535 quodam
1385 3456 1468 3535 quael

243 3569 344 3636 fluctu
356 3568 485 3635 conticit
502 3569 692 3622 aniciorum.
707 3569 820 3620 linimus
839 3569 939 3634 quippo
958 3569 1094 3621 humanus
1112 3568 1223 3621 avulsus
1243 3581 1258 3621 a
1277 3567 1462 3622 consuetudine

244 3668 365 3732 ductuat,
384 3667 468 3734 litque
486 3681 500 3720 a
519 3667 695 3720 fluctuatione
715 3668 771 3733 ipsa
790 3668 910 3720 immane
921 3667 1079 3734 discidium,
1099 3673 1129 3720 ul
1146 3667 1220 3734 quod
1247 3667 1292 3721 bic
1310 3667 1411 3734 iaudat,
1427 3664 1463 3719 illc

245 3768 431 3835 illudat,quod
444 3769 615 3821 bicamando
627 3768 825 3835 complectitur,
838 3769 883 3820 ille
893 3769 1000 3821 lanians
1012 3769 1205 3835 reprehendat.
1216 3771 1388 3836 Quapropter
1394 3765 1463 3837 patris
1527 3798 1532 3803 -

244 3881 276 3921 ac
289 3869 394 3934 patroni
409 3867 493 3920 nostri
509 3867 624 3921 Romani
637 3880 724 3933 papae
737 3868 835 3920 Christi
856 3868 982 3934 martyris
996 3867 1096 3920 Urbani
1108 3867 1260 3920 beatissimi
1272 3875 1352 3935 qesta
1363 3856 1496 3922 transui
1521 3904 1530 3915 .

245 3974 333 4031 turne,
349 3979 440 4032 parem
454 3980 497 4018 me
509 3967 606 4031 pictori
616 3979 677 4019 esse
686 3967 840 4030 considero,
851 3968 897 4032 qui
911 3973 1017 4019 veteres
1027 3979 1059 4019 ac
1072 3965 1172 4018 nebula
1184 3966 1314 4033 caliginis
1323 3967 1469 4022 obfuscatas
1510 4006 1516 4011 .

244 4066 376 4133 imagines
399 4079 527 4132 reparare
551 4079 703 4133 aggressus,
728 4067 793 4118 dum
818 4066 908 4118 vultus
931 4066 1069 4131 decorem,
1089 4066 1276 4119 membrorum
1299 4066 1471 4131 lineamenta,

245 4167 356 4219 umbras
370 4167 494 4228 vestium,
508 4178 617 4218 orarum
635 4166 819 4232 compagines.
832 4165 892 4217 aliis
905 4171 986 4231 atque
1003 4165 1063 4218 aliis
1076 4165 1216 4218 coloribus
1228 4165 1355 4232 illiverit,
1368 4168 1394 4220 si
1410 4166 1473 4220 loric

245 4264 396 4318 habitudini
411 4267 543 4332 pristinae
555 4267 700 4333 quicquam
714 4265 871 4331 detraxerit,
886 4266 906 4316 si
921 4265 1024 4331 aliquid
1046 4266 1108 4318 licet
1119 4264 1262 4331 pulchrius
1274 4265 1476 4335 lormosiusque

245 4364 394 4424 novaverit,
408 4378 471 4418 mox
482 4365 569 4417 oculis
578 4364 718 4430 judicibus
733 4363 1017 4429 subjacel,stultorum
1030 4362 1296 4417 subsannationibus
1309 4360 1396 4434 patet,
1406 4362 1514 4434 quodtl
