3082 5498
148 290 215 356 308
494 305 616 356 onena.
636 305 738 356 oonn.
757 304 1031 356 simoentis.

248 477 314 554 49⁰
332 478 415 553 Vita
433 481 555 558 sancti
574 480 749 557 Nicholai
770 479 944 581 episcopi
977 486 1015 556 et
1046 476 1277 556 confessoris
1299 482 1385 581 (tp,

298 599 542 700 ltlil-ltltll).l

182 734 274 787 blutila
287 735 389 788 desinit
402 747 479 787 num.
492 737 509 788 6
522 733 583 787 init.

623 908 902 919 —-——-.-—-—

486 1140 695 1252 Appendix
721 1139 771 1227 ad
792 1140 877 1228 cod.
906 1138 1060 1228 15436.

309 1374 489 1439 ancunn
507 1373 541 1439 S.
562 1374 734 1440 Masicen
752 1372 833 1458 (Cir.
852 1393 965 1458 supra,
982 1392 1018 1457 p.
1035 1370 1117 1452 304,
1139 1370 1218 1450 16⁰).

185 1578 232 1629 De
251 1575 433 1641 inruptione
454 1590 656 1642 paganmm
672 1576 706 1629 in
727 1576 880 1642 Sergium
899 1579 933 1629 et
956 1577 996 1629 de
1017 1574 1131 1628 ineolis
1153 1589 1211 1640 peu
1232 1573 1366 1628 σιω

153 1675 348 1741 unglerium
367 1676 524 1730 uberans.
541 1676 704 1740 -Quodam
725 1678 817 1743 itaque
838 1682 971 1742 tempore,
985 1680 1164 1729 excrescente
1175 1675 1250 1729 rabie
1260 1677 1372 1741 papauo‘

154 1788 226 1840 rum,
240 1775 408 1828 incredibilis
421 1775 567 1828 multitudo
579 1779 808 1842 Normannorum‚
822 1774 968 1828 devastatis
977 1774 1070 1827 multis
1080 1774 1248 1842 regionibus,
1256 1774 1286 1827 ab
1296 1762 1378 1838 aqui·

154 1875 211 1927 loni
224 1874 302 1941 plaga
324 1874 510 1940 proficiscens,
523 1874 604 1942 longa
622 1875 783 1943 levigatione
794 1873 829 1925 ad
850 1875 969 1942 Sergiam
990 1887 1081 1940 usque
1098 1872 1188 1927 delata
1200 1879 1248 1928 est
1260 1872 1381 1936 cunum

156 1974 275 2027 adventu
290 1979 345 2026 tarn
358 1973 499 2039 inopinato
514 1974 620 2027 incolae
633 1974 780 2039 perterriti,
789 1979 820 2026 ut
832 1978 934 2038 pestem
948 1972 1065 2025 evadere
1076 1979 1200 2038 possent,
1209 1961 1385 2026 eontuleunl

156 2087 186 2127 se
198 2074 233 2127 ad
252 2072 391 2140 quendam
410 2075 583 2140 angiportum
605 2086 689 2140 super
710 2071 882 2138 crepidinem
903 2073 987 2125 maris
1007 2072 1081 2126 inter
1093 2072 1219 2139 scopulos
1231 2058 1383 2138 sitnmnbi

156 2178 267 2226 sanctus
279 2173 440 2239 frequenter
452 2172 565 2225 furtivas
583 2172 728 2226 exercebat
748 2173 895 2225 orationes.
909 2174 1033 2238 cumque
1045 2176 1158 2226 sanctus
1176 2171 1219 2225 vir
1234 2169 1382 2237 intrepidus

157 2284 265 2324 cansam
279 2272 357 2339 fugae
370 2271 521 2335 didicisset,
535 2271 668 2324 suadebat
679 2271 733 2322 illis
745 2271 852 2324 fortiter
865 2284 894 2323 se
906 2270 1092 2324 detendereet
1105 2284 1154 2336 pro
1166 2283 1258 2324 amore
1268 2270 1378 2336 patriae.

157 2371 179 2422 si
193 2371 228 2422 ita
247 2384 291 2423 res
311 2371 442 2436 exigeret,
457 2369 551 2423 dulces
572 2371 678 2422 animas
700 2375 730 2423 ut
752 2371 851 2423 milites
871 2370 900 2422 in
920 2375 1008 2423 morte
1020 2369 1180 2436 disponere.
1193 2372 1227 2423 tt
1246 2369 1282 2422 illi
1298 2362 1388 2422 tresel

157 2470 249 2523 animo
269 2485 298 2523 se
310 2472 429 2523 tacturos
449 2470 660 2536 pollicebantur,
675 2471 697 2521 si
719 2483 859 2524 armorum
871 2470 973 2522 auxilio
986 2482 1042 2523 non
1054 2475 1148 2523 essent
1166 2469 1282 2524 destituti
1293 2487 1299 2521 ε
1309 2474 1372 2520 nam

157 2570 245 2635 primo
258 2570 376 2622 adventu
388 2571 505 2623 hostium
519 2576 573 2622 tam
587 2570 738 2636 inopinato,
752 2569 828 2623 obliti
838 2581 914 2622 arma
926 2583 1044 2633 sumere,
1058 2570 1182 2623 inermes
1192 2569 1227 2623 ad
1238 2570 1315 2622 virum
1324 2560 1370 2618 bei

157 2669 346 2736 confugerant.
360 2672 435 2721 Tunc
448 2674 558 2721 sanctus
570 2669 726 2737 llaglorins,
740 2668 826 2722 oculis
838 2682 870 2721 ac
882 2668 1008 2721 manibus
1019 2669 1048 2720 in
1061 2668 1169 2722 caelum
1179 2681 1282 2736 semper
1290 2668 1367 2719 inteu-

159 2773 211 2831 tus,
230 2774 337 2820 cantent
359 2767 444 2821 mirae
466 2768 662 2835 magnitudinis
684 2769 830 2834 aspiciens,
849 2767 961 2833 cuspide
981 2767 1070 2821 baculi
1092 2768 1236 2834 percussit,
1254 2773 1278 2820 et
1292 2764 1363 2819 soluit

159 2880 227 2933 rupe
239 2869 267 2919 in
290 2875 380 2933 partes
398 2869 567 2930 innumeras,
581 2869 724 2921 manuales
745 2869 854 2933 lapillos
869 2868 902 2920 ad
921 2881 1001 2920 usum
1021 2868 1103 2920 totius
1127 2866 1300 2921 multitudinis
1316 2850 1388 2915 bell!

159 2971 323 3033 cooperante
340 2969 470 3033 porrexit.
481 2968 619 3033 susceptis
632 2969 723 3033 itaque
736 2967 882 3032 lapidibus,
890 2967 997 3020 incolae
1009 2979 1073 3020 mon
1084 2967 1210 3021 barbaris
1222 2961 1357 3020 inunctus

159 3079 189 3118 se
201 3066 308 3119 obviam
329 3067 514 3127 contulerunt,
528 3071 555 3119 et
574 3067 674 3119 emisso
696 3067 784 3119 imbre
802 3065 920 3133 lapideo,
934 3071 1030 3119 orante
1051 3071 1147 3120 sancto
1168 3066 1287 3134 llaglorio
1304 3061 1353 3114 lest

160 3165 270 3231 poplite,
285 3165 327 3216 vix
339 3165 373 3218 ad
394 3179 476 3218 naves
497 3171 574 3218 nitela
587 3166 820 3233 confugientibus,
833 3171 952 3218 ceteram
972 3165 1179 3219 multitudinem
1195 3178 1256 3220 orco
1272 3160 1352 3216 uniit

159 3269 233 3315 runt.
246 3265 432 3330 (Seqtcnctur
445 3264 483 3316 de
493 3277 579 3317 neore
591 3265 745 3330 quaedam
753 3263 955 3330 paraenetica
967 3264 1073 3328 dieta.)

190 3365 236 3414 De
249 3366 395 3427 serpente
404 3363 510 3416 illecto
521 3367 555 3416 et
566 3364 735 3416 exstincto.
748 3392 782 3401 -
795 3365 961 3430 lltriuslque]
973 3364 1142 3417 Testamenti
1151 3364 1271 3418 doctores
1280 3336 1386 3413 ditiniss¹

160 3462 265 3529 paginis
277 3463 414 3527 instructi,
430 3464 526 3528 partim
549 3461 632 3516 verbo
653 3464 775 3528 [partim]
789 3463 917 3529 exemplo
940 3463 1004 3515 satis
1017 3462 1156 3516 affirmant
1176 3462 1350 3526 divinaepote·

160 3561 221 3611 tatis
234 3561 361 3627 insignia,
375 3574 446 3626 qnae
459 3565 528 3613 lleus
541 3563 726 3626 omnipotens,
741 3575 802 3614 eum
817 3562 850 3614 sit
861 3561 1006 3615 invisibilis
1017 3567 1044 3615 et
1056 3561 1196 3628 inlocalis,
1209 3552 1353 3614 visibiliterti

160 3660 284 3712 localiter
297 3661 330 3712 ad
343 3661 508 3725 posteritatis
519 3661 663 3713 utilitatem
677 3664 806 3726 operatur
816 3662 845 3713 in
855 3662 913 3713 suis
925 3659 1037 3726 sanctis,
1051 3662 1164 3715 silentio
1175 3675 1231 3715 non
1242 3672 1295 3714 esse
1306 3662 1355 3722 pne

161 3759 345 3812 termittenda.
357 3760 439 3826 lgitut·
452 3766 546 3812 saneto
562 3760 691 3826 llaglorio
700 3760 890 3826 patrocinante
900 3761 1051 3814 retinacula
1061 3760 1172 3828 linguae
1181 3760 1254 3814 verbi
1264 3763 1358 3811 mcmstt

158 3857 301 3910 confidens
321 3870 399 3923 posse
419 3858 541 3922 dissolvi,
553 3871 614 3910 nam
637 3866 664 3911 et
681 3859 752 3912 vires
776 3872 845 3926 quas
857 3859 994 3925 imperitia
1014 3858 1133 3927 denegat
1154 3860 1253 3913 caritas
1273 3838 1388 3911 addid-fl

159 3961 233 4021 strat,
248 3958 344 4009 silvam
358 3963 495 4022 patentem
516 3957 683 4024 ingrediens,
698 3971 801 4023 paucos
822 3958 992 4012 ramusculos
1015 3956 1090 4011 illius
1108 3958 1241 4012 virtutum
1256 3958 1367 4024 attingere

158 4057 288 4110 conabor.

190 4156 312 4220 Quodam
326 4156 416 4223 itaque
430 4161 563 4221 tempore,
577 4156 642 4209 dum
665 4158 777 4222 praelati
792 4158 842 4209 viri
864 4157 983 4226 llaglorii
997 4158 1145 4211 virtutibus
1167 4160 1263 4228 Sangia
1279 4155 1375 4213 celebris

158 4254 314 4317 haberetur,
328 4256 412 4321 Angla
427 4256 526 4321 insula,
540 4255 630 4307 eidem
643 4257 752 4323 sergiae
765 4255 865 4319 vicina,
886 4268 901 4308 a
914 4255 1032 4321 quodum
1045 4260 1177 4322 serpente
1189 4258 1321 4312 silvestria
1332 4258 1378 4310 ltu

158 4358 185 4404 et
197 4367 346 4405 cavernosa
359 4354 497 4406 incolente
511 4355 628 4407 latenter
647 4354 782 4407 devastari
804 4355 903 4420 coepit.
918 4356 1041 4421 Cumque
1050 4357 1105 4421 jam
1128 4359 1292 4423 serpentina
1303 4358 1382 4412 tenitas

8 4459 67 4524 ειη
84 4461 139 4526 lep,
159 4452 277 4504 insulam
291 4455 409 4506 inanima
423 4468 456 4506 ex
478 4461 554 4519 parte
574 4454 744 4519 devorasset,
761 4462 788 4507 et
809 4468 860 4507 nec
872 4455 954 4506 minis
969 4454 1075 4507 levibus
1087 4467 1139 4508 nec
1152 4457 1274 4511 cumis·
1287 4458 1385 4513 minaci

11 4527 109 4579 armis?
158 4551 210 4603 bus
223 4565 274 4604 nce
288 4553 379 4619 aliquo
393 4553 502 4619 ingenio
515 4558 606 4618 posset
617 4553 724 4619 expelli,
739 4554 845 4607 incolae
858 4553 986 4619 triennio,
1001 4565 1064 4605 curn
1082 4554 1221 4609 uxoribus
1232 4561 1262 4610 et
1280 4557 1388 4624 partulit
