3076 5498
159 103 226 170 238
506 115 628 165 carm.
649 115 750 164 cono.
770 115 1045 166 nemosianus.

156 292 241 346 vitam
254 290 406 357 rodebant;
420 291 468 344 sed
482 291 623 358 palpantes
636 305 687 344 ceu
701 292 773 345 caeci
787 293 931 358 parietem,
953 304 1010 346 non
1032 291 1213 344 inveniebant
1230 290 1354 353 ostiunper

157 393 230 459 quod
244 392 277 445 ad
290 391 400 459 dignam
414 393 499 458 ipsius
513 394 756 458 reprehensionem
770 391 877 460 ingredi
889 392 1050 458 potuissent.
1067 391 1223 458 Apparebat
1233 387 1354 454 interipsus

156 503 266 556 aurora,
281 490 329 544 sed
349 491 518 544 invidentiae
539 492 640 545 caecati
663 492 776 556 malitia,
800 492 870 544 sicut
891 490 958 543 dicit
982 491 1079 544 beatus
1099 490 1161 554 lob,
1188 488 1353 543 arbitrabantur

157 591 286 644 umbram
309 591 413 645 mortis.
439 594 540 644 llorum
559 591 601 642 vir
620 595 732 644 sanctus
753 590 895 656 invidiam,
919 589 1071 657 nequitiam
1093 596 1121 642 et
1141 588 1354 642 dissimulationem

156 691 262 744 cautela
274 696 302 744 et
313 691 452 743 caritativa
473 689 669 744 beneficiorum
688 690 862 757 impensione
885 690 1002 744 viriliter
1017 690 1176 758 superabat,
1199 695 1287 744 contra
1301 678 1378 753 ipsust

156 790 225 843 fusis
237 791 271 843 ad
284 793 368 843 lieum
382 791 510 857 precibus
523 791 680 844 dimicabat.
1238 791 1242 800 '

188 891 220 941 4.
234 889 345 956 Aliquot
371 890 453 958 igitur
473 891 554 942 annis
575 890 727 957 prudenter
744 890 950 955 administratis,
975 889 1088 957 contigit
1106 895 1136 942 ut
1161 888 1272 942 ecelesia
1284 881 1356 939 bubu-

155 990 260 1055 nensis,
274 1002 344 1055 quae
365 989 445 1042 sedes
464 994 505 1042 est
525 989 733 1055 metropolitana
755 995 782 1042 et
801 989 981 1042 eeclesiarum
1005 989 1208 1042 cathedralium
1228 991 1353 1051 mater,suo

156 1088 300 1141 orbaretur
313 1089 444 1142 antistite.
457 1089 692 1142 convenientibus
704 1093 796 1143 autem
808 1089 842 1142 ad
854 1088 1015 1143 electionem
1029 1087 1168 1156 pontilicis
1180 1091 1209 1141 et
1219 1087 1252 1140 de
1259 1082 1353 1153 eligendo

155 1195 264 1254 pastore
276 1188 457 1242 tractantibus
467 1189 501 1240 iis
517 1187 552 1241 ad
565 1201 635 1255 quos
649 1187 747 1242 electio
760 1188 925 1255 pertinebat,
932 1188 962 1242 in
979 1189 1038 1254 ipso
1049 1191 1168 1241 tractatu
1179 1184 1254 1241 alluit
1274 1182 1356 1238 etum
1367 1171 1392 1228 ¹⁸

154 1287 227 1340 beati
242 1289 383 1340 Laurentii
403 1289 508 1341 cunctis
521 1288 673 1352 notissima,
688 1300 759 1355 quae
771 1287 861 1353 ipsum
870 1288 992 1341 veridico
1004 1285 1165 1341 testimonio
1186 1291 1261 1340 tanto
1270 1283 1354 1352 dmm

154 1387 230 1453 apice
251 1387 456 1453 comprobabat,
470 1391 564 1454 utpote
581 1388 628 1454 qui
651 1399 733 1439 curae
758 1387 887 1452 pastorali
908 1386 1065 1455 hujusmodi
1087 1385 1226 1440 sufficeret
1249 1389 1274 1439 et
1291 1387 1355 1436 unet

156 1491 320 1554 congrueret
332 1487 470 1553 dignitatis
484 1486 593 1553 honori,
607 1488 635 1539 in
656 1492 763 1540 tantum
784 1492 815 1539 ut
829 1487 914 1554 ipsius
934 1497 1068 1553 personae
1088 1498 1123 1539 ex
1142 1485 1271 1553 dignitate
1289 1481 1353 1534 minut

154 1585 267 1639 honoris
279 1593 449 1641 accresceret
460 1593 488 1640 et
499 1586 625 1654 dignitati
639 1586 700 1653 plus
712 1586 826 1639 honoris
840 1587 1009 1638 accresceret
1029 1597 1065 1637 ex
1086 1595 1216 1650 persona.
1234 1584 1291 1635 lirat
1300 1576 1352 1632 enim

155 1684 184 1736 in
200 1686 260 1751 ipso
275 1700 330 1739 non
344 1686 451 1753 depicta
465 1686 514 1738 sed
528 1687 662 1751 impressa
674 1685 796 1752 episcopi
810 1685 939 1737 sanctitas
963 1688 992 1736 et
1011 1684 1151 1749 honestas,
1165 1681 1271 1749 qualem
1282 1664 1392 1732 oeci-l!

154 1783 195 1839 bit
205 1785 350 1849 apostolus
362 1785 396 1838 de
407 1785 577 1838 institutione
586 1785 706 1850 episcopi
717 1785 857 1837 instruens
867 1783 1040 1836 Timotheum
1049 1787 1076 1834 et
1085 1780 1186 1834 uiuum.
1195 1783 1255 1834 Erat
1265 1784 1353 1842 nempe

153 1883 406 1949 irreprehensibilis
426 1892 455 1938 et
478 1886 538 1939 sine
562 1886 687 1951 crimine,
714 1884 784 1936 sicut
806 1885 852 1936 liei
873 1882 1057 1949 dispensator,
1081 1892 1138 1933 non
1162 1878 1299 1946 superbus,
1315 1883 1352 1926 nou

153 1982 318 2050 vinolentus,
335 1997 391 2037 non
406 1997 559 2049 percussor,
579 1996 634 2036 non
649 1983 736 2048 turpis
751 1983 818 2035 lucri
840 1980 966 2047 cupidus,
989 1979 1037 2033 sed
1058 1977 1213 2046 hospitalis,
1239 1975 1350 2044 benetie

153 2081 284 2147 prudens,
309 2083 426 2147 sobrius,
445 2083 545 2148 justus,
568 2088 688 2147 sanetus,
711 2081 866 2146 continens,
888 2080 1057 2146 amplectens
1078 2092 1141 2131 eum
1164 2077 1212 2145 qui
1231 2071 1350 2129 semndm

152 2177 305 2232 doctrinam
321 2185 363 2233 est
375 2179 482 2233 tidelem
496 2193 662 2246 sermonem,
677 2185 775 2246 potens
787 2178 924 2232 exhortari
944 2177 974 2230 in
986 2177 1114 2230 doctrina
1134 2188 1213 2230 sacra
1231 2179 1257 2227 et
1274 2173 1351 2226 eoutt
1361 2156 1395 2213 θ’

152 2275 277 2333 dieentes
290 2292 414 2347 arguere.
427 2282 493 2331 Nam
507 2292 582 2331 arma
596 2279 709 2332 militiae
719 2280 778 2345 ejus
798 2291 854 2332 non
873 2283 952 2331 erant
974 2276 1104 2342 earnalia,
1127 2277 1176 2329 sed
1198 2272 1307 2341 potentia
1320 2262 1351 2321 litt'

152 2377 186 2430 ad
208 2378 407 2431 destruendum
428 2391 525 2431 omnes
546 2379 713 2432 munitiones
734 2386 761 2432 et
785 2379 877 2431 omnia
898 2378 1012 2431 consilia
1034 2383 1061 2429 et
1081 2389 1195 2430 omnem
1215 2370 1350 2428 altitudinem

154 2476 373 2552 extollentemlse
386 2476 517 2530 adversus
529 2478 672 2529 scientiam
686 2478 740 2531 liei.
760 2478 882 2530 Sollicite
894 2477 1008 2530 curabat
1028 2475 1162 2541 seipsum
1184 2478 1257 2527 recte
1266 2471 1351 2523 tracum

154 2581 209 2628 tem
221 2577 335 2630 verbum
347 2576 469 2629 veritatis
481 2581 619 2642 tamquam
632 2576 683 2628 sihi
695 2575 825 2629 divinitus
835 2573 1037 2642 inspiratumad
1047 2573 1215 2638 docendum,
1221 2570 1253 2626 ad
1262 2575 1347 2637 amitt
1393 2642 1395 2647 Ι

154 2673 229 2740 dum,
243 2674 278 2727 ad
290 2675 504 2741 corripiendum,
514 2674 547 2727 ad
561 2675 743 2729 erudiendum
754 2673 783 2727 ln
793 2675 908 2740 justitia,
921 2678 952 2727 ut
963 2672 1118 2740 perlectum
1130 2673 1234 2749 laceret
1243 2669 1350 2725 bonine
1361 2642 1395 2704 ¹¹

152 2775 261 2839 lieo,ad
274 2775 473 2829 omnebonum
486 2788 555 2841 opus
568 2775 741 2839 instructum,
755 2788 784 2828 se
798 2775 887 2840 ipsum
911 2773 1047 2839 praehens
1065 2772 1225 2839 exemplum
1245 2770 1348 2824 bonomo

152 2886 267 2940 operum
280 2874 308 2926 in
321 2874 458 2939 doctrina,
472 2874 500 2926 in
514 2875 669 2942 integritate
682 2878 709 2927 et
729 2874 757 2925 in
779 2873 920 2942 gravitate,
935 2877 966 2925 ut
986 2873 1008 2925 is
1029 2872 1076 2939 qui
1089 2885 1123 2924 eur
1133 2871 1246 2925 adverso
1257 2870 1350 2922 entre

153 2976 257 3025 teretur
268 2977 295 3025 et
312 2971 461 3038 opilaretur
473 2984 556 3024 omne
577 2985 608 3024 os
630 2972 724 3038 iniqua
745 2971 928 3036 loquentium,
950 2983 1013 3022 cum
1026 2969 1096 3021 nihil
1114 2968 1249 3023 haberent
1265 2954 1352 3019 mallit

152 3070 211 3135 ipso
224 3070 315 3123 dicere
338 3075 432 3123 contra
453 3070 554 3136 ipsum.
576 3068 658 3123 huiuit
670 3075 761 3123 autem
774 3074 802 3122 et
813 3069 899 3122 virtus
920 3069 1036 3136 spiritus
1057 3067 1155 3133 sancti,
1169 3080 1241 3134 quae
1258 3064 1348 3119 divum

151 3169 310 3237 eligentium
323 3169 476 3222 voluntates
488 3169 651 3222 mirabiliter
666 3168 793 3222 conflavit
806 3170 834 3221 in
848 3182 931 3222 unam
949 3173 976 3221 et
988 3169 1017 3220 in
1039 3180 1123 3220 unam
1136 3168 1257 3235 linguam
1267 3153 1346 3216 inueull
1356 3134 1386 3196 ³⁰

151 3268 322 3321 diversarum
335 3269 442 3336 linguas
455 3268 599 3333 mentium,
614 3270 691 3321 etsie
705 3269 777 3322 rexit
789 3272 816 3321 et
827 3267 928 3321 direxit
948 3267 1109 3335 eligentium
1129 3266 1239 3319 animos
1249 3268 1278 3317 ut
1288 3260 1350 3329 idua.
1375 3278 1383 3293 ·

151 3380 233 3435 quem
246 3368 286 3420 eis
298 3373 410 3420 aeterna
419 3368 591 3433 providentia
604 3367 790 3435 praeelegerat
802 3367 960 3432 antistitem,
975 3367 1024 3433 ipsi
1041 3377 1163 3432 quoque,
1186 3349 1353 3430 insplntasili

151 3478 166 3517 a
183 3466 298 3520 liomino
310 3480 343 3520 ex
354 3472 478 3532 tempore
492 3465 647 3532 prudentia,
660 3466 770 3519 beatum
782 3466 959 3519 Laurentium
972 3465 1105 3532 eligerent
1116 3462 1147 3516 in
1161 3469 1302 3531 pastorem.

184 3566 215 3619 5.
229 3566 340 3620 Electus
352 3568 433 3635 igitur
444 3568 541 3620 beatus
559 3567 723 3619 laurentius
736 3567 769 3618 ad
784 3566 884 3619 summi
897 3564 1043 3619 sacerdotii
1055 3563 1168 3631 gradus,
1183 3570 1316 3631 tamquam
1329 3551 1358 3608 ΥΠ

152 3665 273 3731 humilis,
290 3666 324 3718 ad
339 3667 452 3720 honoris
473 3665 608 3734 fastigium
626 3665 736 3731 expavit
749 3665 898 3729 humiliter,
912 3670 940 3716 et
952 3669 1092 3732 tamquam
1104 3663 1147 3716 vir
1168 3661 1305 3729 providus,
1315 3634 1395 3724 pti·³

150 3762 249 3818 denter
260 3755 402 3819 exhorruit
421 3777 491 3818 onus
504 3764 695 3819 sollicitudinis
705 3769 796 3817 tantae
807 3763 948 3832 dignitatis
960 3762 1029 3829 apici
1052 3762 1199 3815 sociatum.
1217 3760 1310 3816 oblato
1319 3765 1364 3824 ptr

150 3862 243 3915 timuit
267 3864 365 3916 honori
386 3863 543 3916 consentire
563 3863 606 3914 vir
628 3861 759 3926 humilis;
784 3873 848 3913 nanu
869 3861 1004 3913 honorum
1032 3857 1180 3925 phantasia
1201 3853 1366 3912 saecularium

149 3961 311 4029 frequenter
324 3967 429 4015 mentes
442 3962 530 4014 elevat
551 3967 577 4013 et
598 3973 763 4013 evanescere
781 3959 845 4012 iacit
856 3960 974 4026 animos,
987 3963 1017 4011 ut
1028 3959 1180 4011 vanitatem
1193 3954 1370 4025 sequanturtt

148 4062 322 4115 mendacium
334 4062 381 4128 qui
395 4061 470 4126 prius
483 4062 511 4112 in
525 4059 680 4112 humilitate
692 4059 807 4124 lundati,
821 4064 972 4112 sectatores
985 4055 1150 4111 exstiterant
1161 4056 1296 4111 ueritatis.
1307 4050 1372 4107 lull

149 4174 260 4227 quoque
279 4161 415 4214 honorum
428 4164 509 4212 vento
521 4159 620 4211 sublati
642 4162 807 4211 corruerunt
827 4159 856 4210 in
877 4157 1052 4224 apostasiam,
1070 4157 1111 4209 sic
1131 4160 1252 4209 testatus
1271 4148 1395 4209 sancum

146 4259 197 4313 ioh
209 4259 304 4313 dicens
317 4273 325 4312 :
341 4259 400 4320 Qui
407 4259 486 4314 dicit
495 4259 563 4325 regi
573 4259 728 4324 apostata.
739 4260 805 4310 llam
814 4257 951 4323 superbus
964 4260 1055 4310 rector
1063 4256 1168 4309 totiens
1176 4257 1209 4308 ln
1220 4255 1378 4322 apostasiam

146 4355 278 4412 dilabitur
289 4361 417 4427 quotiens
429 4371 558 4426 praeesse
569 4357 728 4410 hominibus
740 4356 902 4424 delectatur,
913 4361 941 4410 et
953 4355 1105 4424 superbum
1118 4362 1263 4410 rectorem
1285 4356 1380 4411 totiens
