3076 5498
353 335 449 385 eren.
468 334 554 384 uer.
574 332 693 384 rurus
715 351 759 363 -
776 331 929 381 trenno.
949 331 996 380 nn
1013 329 1091 381 oon.
1112 327 1203 378 tarro.
1316 313 1381 380 185

179 508 262 559 tertium
277 517 338 556 curn
351 502 506 557 luminariis
518 502 650 568 omnique
663 503 767 569 ingenti
781 507 921 567 apparatu,
937 501 1055 566 qualiter
1066 513 1155 566 usque
1172 499 1206 552 ad
1220 499 1295 552 diem
1308 505 1380 553 oeta·

180 618 227 658 turn
236 603 445 670 permansissent
457 603 485 654 in
500 602 546 654 liei
559 601 697 666 laudibus,
711 602 740 653 in
753 600 925 654 orationibus
935 606 963 652 et
974 599 1084 666 vigiliis,
1101 598 1145 652 die
1164 605 1256 652 autem
1275 605 1380 664 octavo,

182 704 316 770 apraesule
340 703 422 754 missa
442 702 580 754 celebrata
600 700 851 767 benedictioneque
874 705 993 765 peracta,
1016 698 1121 752 rediret
1139 699 1331 765 unusquisque
1348 698 1382 751 ad

182 804 273 867 propria.
298 802 347 865 Qui
370 801 488 867 populus
506 802 582 867 jussa
608 801 761 866 complens,
788 806 976 853 convenerunt
999 813 1096 853 omnes
1120 800 1154 852 ad
1179 798 1381 852 dedicationem

157 902 328 955 deoclesiarum
338 903 395 965 liei,
410 914 478 967 quas
491 903 588 954 beatus
601 900 761 965 Genulplrus
773 901 895 953 construi
906 901 1033 966 jusserat,
1047 913 1109 952 curn
1121 899 1225 966 ingenti
1237 903 1380 964 apparatu.

206 1000 307 1068 digitur
318 999 456 1053 dedicavit
468 999 603 1052 alinilicus
610 1000 651 1052 vir
663 999 822 1064 Genulplrus
834 999 950 1064 primam
963 998 1109 1051 ecclesiam
1121 999 1149 1050 in
1160 997 1382 1051 honoredomini

183 1111 218 1151 seu
227 1101 298 1152 sandi
310 1098 442 1165 Stephani
459 1098 667 1165 protomartyris
679 1104 706 1151 et
717 1099 841 1151 omnium
855 1103 1013 1151 sanctorum
1026 1097 1072 1150 liei
1094 1095 1152 1150 sive
1173 1097 1297 1149 omnium
1312 1108 1381 1148 mar·

183 1204 255 1261 tyrum,
266 1204 292 1250 ut
303 1199 340 1251 ihi
352 1197 513 1251 conveniret
525 1199 616 1250 omnis
628 1197 746 1263 populus
758 1197 965 1249 Geturnicensis
986 1203 1028 1250 ter
1040 1197 1082 1250 his
1103 1197 1132 1249 in
1144 1208 1259 1261 annum,
1273 1196 1325 1249 hoc
1342 1200 1383 1248 est

184 1294 215 1346 die
224 1297 289 1348 missa
301 1298 388 1349 sancti
397 1296 537 1362 stephani,
554 1297 644 1360 capite
654 1295 763 1361 jejunii,
777 1308 844 1348 cena
858 1296 975 1360 domini,
990 1295 1150 1348 inventione
1176 1293 1384 1360 protomartyris

143 1393 171 1443 to
184 1392 245 1457 ipsius
254 1396 376 1462 Stephani
389 1395 522 1461 corporis,
536 1395 718 1448 dedicationis
739 1396 825 1461 ipsius
847 1395 989 1459 ecclesiae,
1001 1395 1058 1448 sive
1079 1393 1113 1447 ad
1128 1393 1265 1461 synodum
1284 1393 1312 1445 in
1329 1406 1384 1460 quo

183 1495 249 1546 omnis
259 1497 367 1549 ecclesia
379 1497 523 1561 convenit3
536 1496 559 1548 si
572 1495 635 1562 quis
654 1507 720 1547 vero
733 1500 780 1548 aut
801 1495 823 1546 si
837 1507 891 1561 qua
916 1493 1086 1560 superfluum
1108 1493 1223 1559 veniret,
1238 1506 1254 1545 a
1267 1493 1383 1546 ltomino

183 1591 313 1647 redderetur
325 1608 441 1659 merces,
465 1595 511 1660 qui
533 1594 622 1647 dixit:
636 1594 698 1659 Epo
718 1606 788 1647 cum
808 1593 931 1647 rediero
951 1593 1083 1646 reddam
1105 1591 1171 1645 tibi.
1193 1592 1240 1645 ltie
1264 1604 1384 1658 namque

182 1695 276 1748 secundo
287 1695 458 1748 consecravit
469 1693 614 1748 ecclesiam
627 1695 656 1746 in
669 1696 774 1747 honore
793 1696 893 1747 summi
915 1695 1021 1760 opiiieis
1033 1700 1061 1748 et
1080 1696 1204 1748 omnium
1224 1699 1381 1748 sanctorum

182 1786 215 1839 liei
224 1804 318 1847 necnon
335 1795 422 1847 sancti
444 1793 579 1846 Jolrennis
600 1795 743 1859 Baptistae,
766 1801 797 1846 ut
817 1794 855 1847 ibi
877 1795 1062 1859 baptizaretur
1083 1794 1174 1847 omnis
1188 1793 1316 1860 populus.
1335 1793 1382 1846 llie

145 1884 171 1936 ld
183 1893 249 1942 autem
260 1895 334 1946 tertio
346 1893 517 1946 consecravit
529 1893 672 1946 eeclesiam
687 1893 715 1944 in
729 1893 834 1945 honore
847 1893 941 1946 beatae
954 1894 1000 1946 liei
1013 1894 1153 1962 genitricis
1166 1893 1266 1946 llariae
1285 1899 1312 1946 et
1324 1904 1383 1945 om·

183 1984 238 2039 niun
248 2000 397 2044 sanctarum
410 1992 546 2059 virginum
565 1998 648 2058 atque
661 1992 785 2044 omniurn
799 1997 956 2046 sanctorum
969 1994 1026 2058 liei,
1039 1998 1069 2045 ut
1082 1993 1139 2058 ipsa
1158 2006 1206 2059 pro
1220 1992 1288 2045 vivis
1300 1992 1382 2045 inter·

130 2118 139 2165 ;'
183 2085 240 2140 tedet
250 2098 273 2144 et
282 2105 329 2158 pro
341 2092 482 2144 defunctis
493 2093 616 2145 obtineat
628 2094 745 2155 veniam,
760 2105 831 2159 quae
851 2094 945 2158 genuit
966 2093 1045 2145 nobis
1066 2094 1154 2146 iucem
1176 2098 1202 2146 et
1225 2093 1317 2145 vitam.
1336 2092 1383 2145 llie

182 2192 228 2237 ltro
238 2198 326 2255 quarto
339 2191 512 2244 consecravit
534 2191 677 2243 ecclesiam
691 2191 719 2243 in
741 2192 873 2244 honorem
897 2192 953 2258 regi
974 2205 1069 2257 regum
1090 2205 1139 2244 seu
1161 2191 1247 2243 saneti
1265 2191 1336 2243 Petri
1354 2194 1383 2242 et

130 2266 132 2271 ⁵
181 2286 276 2341 ennium
287 2291 476 2357 apostolorum
490 2290 537 2367 [rei
549 2294 632 2356 atque
644 2291 768 2343 omnium
781 2296 939 2343 sanctorum
961 2292 1016 2355 ltei,
1032 2296 1061 2344 ut
1084 2304 1134 2357 per
1156 2290 1381 2343 intercessionem

148 2371 245 2439 ”uncti
264 2390 334 2442 Petri
355 2396 439 2456 atque
459 2390 584 2443 omnium
605 2390 788 2454 apostolorum
809 2391 866 2442 sive
888 2391 1011 2443 omnium
1035 2395 1192 2442 sanctorum
1213 2389 1384 2454 accepissent

130 2548 133 2565 ,
180 2483 294 2541 amnino
305 2494 332 2540 et
344 2494 440 2541 sancto
452 2491 539 2554 Petro,
552 2501 660 2541 necnon
672 2490 796 2542 omniurn
816 2495 984 2554 sanctornm,
1006 2491 1197 2543 remissionem
1207 2493 1382 2555 peecatorum

130 2586 135 2681 ἱ
178 2583 393 2640 nalsolutionem
405 2588 572 2654 quicumque
586 2588 683 2641 devote
695 2589 723 2640 in
737 2601 767 2641 ea
781 2589 886 2641 [lumini
900 2589 1073 2642 clementiam
1086 2594 1241 2642 exorarent.

200 2683 224 2735 4.
237 2687 336 2738 Monuit
348 2687 431 2739 etiam
444 2688 519 2739 omni
533 2687 635 2752 populo
647 2689 694 2754 qui
706 2688 739 2740 nd
754 2688 954 2741 dedicationem
967 2688 1145 2741 ecclesiarum
1159 2688 1205 2740 liei
1217 2690 1383 2740 convenerat

173 2786 195 2831 ut
204 2795 245 2847 per
258 2790 343 2837 totum
354 2798 454 2853 pagum
467 2786 707 2838 Geturnicensium
729 2786 859 2839 ecelesias
880 2787 925 2839 liei
947 2791 1149 2850 construerent,
1171 2791 1201 2839 ut
1213 2786 1284 2840 sicut
1303 2790 1384 2838 antea

130 2860 227 2932 ’dreni
248 2888 325 2935 erant
345 2883 471 2936 culturae
492 2882 710 2943 daemoniorum,
735 2885 773 2936 sic
794 2892 855 2950 post
875 2887 1037 2938 sacramenti
1058 2887 1200 2939 ablutione
1213 2884 1384 2950 baptismatis

165 2991 263 3033 necnon
276 2982 485 3035 confirmatione
499 2983 615 3047 Spiritus
628 2985 714 3034 saneti
729 2985 868 3036 stetissent
880 2986 908 3036 in
921 2985 1094 3038 consessione
1114 2990 1224 3037 sanctae
1244 2981 1383 3036 trinitatis

160 3085 184 3129 et
195 3080 242 3132 soli
257 3083 309 3133 lteo
322 3081 482 3145 servissent,
497 3082 629 3147 illumque
642 3095 752 3147 semper
762 3084 891 3135 timerent
903 3089 929 3135 et
940 3084 1096 3147 adorarent,
1112 3096 1261 3149 pacemque
1274 3083 1384 3135 interse

158 3177 297 3242 haberent,
311 3179 501 3231 discordantes
513 3180 546 3231 ud
559 3179 734 3232 concordiam
746 3182 818 3244 pacis
832 3188 1013 3241 revocassent,
1028 3181 1180 3247 symbolum
1195 3188 1221 3233 et
1233 3182 1384 3233 orationem

151 3277 321 3329 dominicam
335 3278 450 3330 tirmiter
472 3285 608 3344 tenerent,
629 3279 754 3347 filiosque
776 3293 839 3332 suos
859 3257 992 3333 docerent
1012 3286 1041 3332 ut
1062 3282 1213 3333 castitatem
1235 3287 1382 3343 amassent,

148 3377 330 3428 sobrietatem
343 3378 514 3441 dilexissent,
538 3379 668 3430 invidiam
689 3380 763 3431 velut
782 3393 922 3433 venenum
945 3381 1126 3445 respuissent,
1149 3393 1271 3433 amorem
1289 3380 1336 3432 liei
1355 3392 1388 3432 ac

143 3477 270 3545 proximi
293 3478 446 3544 diligerent,
470 3479 575 3530 nullum
599 3480 737 3530 hominem
760 3480 823 3532 odio
846 3482 988 3543 haberent,
1011 3494 1073 3532 cum
1096 3481 1248 3533 luminariis
1267 3493 1331 3533 vero
1350 3480 1384 3531 ad

140 3577 286 3631 ecelesias
299 3577 326 3628 in
343 3577 475 3629 honorem
488 3578 533 3629 Dei
547 3584 574 3629 et
586 3580 710 3630 omnium
732 3585 889 3632 sanctorum
915 3581 973 3644 ejus
992 3588 1167 3632 consecratas
1179 3581 1382 3643 convenissent,

137 3684 177 3731 ut
190 3680 258 3740 post
271 3680 386 3726 mortem
399 3675 508 3727 animae
522 3688 616 3728 eorum
630 3677 803 3742 egredientes
827 3677 861 3729 de
880 3679 1042 3742 corporibus
1063 3692 1168 3743 eorum,
1192 3679 1237 3730 lux
1260 3679 1385 3731 caelestis

134 3775 258 3846 gratiae
269 3773 374 3825 animas
387 3786 481 3826 eorum
495 3775 688 3828 inluminasset
700 3785 727 3827 et
740 3777 779 3828 ire
794 3777 821 3827 in
843 3777 966 3829 tenebris
990 3791 1045 3829 non
1065 3778 1243 3842 permisisset,
1258 3779 1328 3829 sicut
1341 3781 1387 3831 llo·

132 3876 249 3930 minus
260 3872 346 3923 dicit:
368 3873 426 3932 Qui
447 3874 609 3926 elucidant
628 3888 683 3939 me,
701 3875 799 3928 citam
819 3879 980 3930 aeternam
1001 3876 1162 3930 debebunt.
1183 3879 1301 3942 ltapinas
1321 3890 1385 3930 vero

130 3972 257 4030 vetavit
269 3971 370 4036 lacere,
385 3973 454 4024 sicut
465 3972 531 4024 dicit
544 3974 674 4025 ltominus
688 3990 694 4024 :
717 3976 774 4027 Vae
790 3976 845 4041 qui
853 3976 1024 4042 praedaris
1036 3994 1043 4040 ;
1056 3990 1160 4030 nonne
1179 3981 1208 4030 et
1221 3979 1386 4045 epseprae·

130 4070 305 4131 deperiet
324 4071 433 4125 Nonne
451 4074 485 4124 tu
510 4073 582 4138 ipse,
606 4074 660 4138 qui
679 4074 830 4140 rapinam
850 4073 934 4141 facie
949 4077 1088 4142 pauperi
1107 4077 1172 4129 sive
1194 4077 1308 4131 viduae
1328 4080 1385 4129 aut

130 4169 361 4231 monasteriis
374 4172 581 4224 azeeecetesn's
595 4173 659 4236 Dei,
672 4175 774 4225 nescis
788 4174 864 4240 qrn'n
888 4175 943 4227 ridi
965 4176 1046 4226 illud
1067 4177 1189 4229 eveniat
1209 4178 1291 4242 quod
1308 4177 1387 4231 dicit

130 4269 370 4339 puaeoejmtus
383 4268 418 4319 ire
430 4270 589 4335 eoanpelio
603 4287 609 4320 :
624 4271 744 4338 Lipatr's
757 4271 904 4325 marcidus
928 4276 956 4325 et
973 4273 1106 4339 pedidus
1127 4275 1240 4327 rnittite
1261 4288 1331 4327 eum
1352 4276 1388 4327 irc

130 4368 300 4430 teraebras
312 4366 494 4433 exteriores,
508 4368 614 4421 ubisit
631 4369 725 4435 lictus
745 4369 775 4423 ei
794 4373 825 4423 et
839 4371 959 4424 stridor
979 4373 1129 4425 dentium.
1150 4374 1281 4426 divitibus
1305 4375 1386 4440 liujus

130 4467 257 4528 saeculi
271 4466 421 4532 praecepit,
436 4467 483 4532 qui
496 4480 604 4534 semper
613 4468 642 4519 in
655 4469 766 4534 crapula
779 4475 806 4521 et
817 4471 948 4522 elrrietate
961 4476 1025 4522 sunt
1038 4450 1144 4534 intenti,
1158 4479 1188 4524 ut
1200 4485 1308 4537 semper
1318 4473 1386 4527 illud

130 4581 292 4631 memores
305 4567 360 4619 sint
371 4567 447 4634 qnod
459 4568 496 4619 ait
508 4570 638 4621 llonnnus
651 4570 679 4624 in
692 4570 833 4637 evangelio
847 4585 853 4621 :
876 4572 935 4624 Vae
945 4570 1026 4624 vobis
1038 4573 1238 4640 perpeterere
1251 4574 1325 4629 estre
1337 4575 1380 4629 ad
