3082 5498
202 332 297 381 eren.
316 332 398 383 nna.
418 330 534 380 ruore.
555 351 598 361 -
614 331 767 381 septeno.
787 333 833 380 uo
851 332 927 382 ooo.
950 327 1039 379 laceo.
1174 314 1239 380 189

133 504 205 552 entes
217 499 374 552 bominum.
387 497 507 564 Angelus
520 511 639 564 namque
657 498 707 551 iste
727 497 900 551 descendens
918 499 952 552 de
963 498 1049 561 eaelo,
1062 498 1144 550 simili
1156 497 1239 552 modo

137 599 183 650 bat
195 599 262 651 istos
279 599 364 661 viros,
384 596 481 649 dicens
495 613 502 649 :
516 598 618 650 Estote
638 595 747 663 fortes,
771 609 788 651 o
806 597 870 649 oiri
886 597 998 664 sancti,
1017 601 1043 650 et
1063 602 1164 651 cetera.
1178 600 1236 652 lton

133 711 154 749 s
166 710 231 764 ergo
243 702 309 749 sunt
320 697 364 748 isti
377 697 464 749 sancti
477 696 527 749 viri
541 697 633 762 pueris
654 696 714 749 istis
726 697 905 763 dennulpbus
918 702 946 749 et
963 697 1085 761 Genitos,
1105 710 1168 750 eum
1179 697 1239 764 qui·

133 796 184 849 elus
208 796 316 849 locutus
336 800 377 848 est
397 797 426 847 in
438 796 546 848 camino
567 796 646 863 ignis.
664 799 683 848 0
705 802 797 849 custos
817 797 962 849 bominum
986 803 1012 850 et
1032 803 1137 850 amator
1157 803 1239 864 atque

133 909 164 947 or
187 894 300 947 numani
321 895 440 961 generis.
463 895 509 960 qui
532 896 672 947 neminem
694 896 733 946 vis
757 897 846 960 perire
869 908 959 961 neque
980 897 1153 961 sperantibus
1171 898 1239 948 inte

134 1007 301 1061 squonsque
315 993 475 1046 introducas
487 1007 534 1046 eos
546 994 579 1046 ad
592 995 748 1046 convivium
761 1000 918 1047 sanctorum
937 1000 1057 1061 tuorum,
1071 999 1099 1048 tu
1118 995 1176 1061 ipse
1189 994 1238 1047 sal·

134 1095 186 1146 eles
198 1101 261 1147 tuos
273 1095 301 1146 in
325 1093 477 1147 mediomm
499 1093 643 1159 globorum
666 1096 800 1156 dammas,
821 1097 868 1161 qui
890 1096 918 1148 in
939 1096 1075 1164 principio
1087 1102 1114 1150 et
1127 1107 1201 1148 nune
1213 1099 1241 1150 et

134 1207 228 1261 regnas
240 1199 323 1261 atque
335 1195 363 1246 in
375 1194 483 1247 saecula
497 1196 678 1247 saeculorum.
692 1197 788 1248 Arnen.

134 1295 177 1347 nia
190 1295 307 1360 Spiritus
319 1294 405 1346 sancti
418 1301 583 1359 cooperante
597 1294 777 1348 resuscitabat
788 1296 885 1348 umbra
895 1294 1082 1360 apostolorum
1097 1301 1219 1350 mortuos
1232 1312 1240 1349 z

134 1393 197 1445 ·viri
211 1393 253 1445 isti
267 1393 354 1445 saneti
367 1393 528 1459 Genulpbus
536 1398 564 1445 et
573 1395 695 1453 Genitos,
707 1393 859 1447 innomine
871 1400 981 1449 sanctae
994 1394 1138 1448 eredentes
1149 1396 1237 1449 Trini-

134 1493 223 1545 2ebant
236 1492 278 1543 bis
291 1491 337 1557 qui
351 1491 440 1544 adbuc
453 1504 508 1544 non
520 1491 669 1544 credebant
693 1506 784 1559 neque
801 1493 928 1559 baptismi
947 1501 1148 1547 sacramentum
1166 1508 1240 1547 rece·

134 1592 166 1643 ita
180 1608 186 1642 z
199 1590 232 1644 m·
243 1590 340 1643 vultis
352 1589 446 1642 Patri
465 1593 495 1642 et
516 1590 599 1643 Filio
619 1593 649 1642 et
670 1590 805 1656 Spiritui
815 1594 924 1646 sarceio
935 1593 1062 1645 credere
1074 1592 1238 1657 cecitatem,

134 1689 381 1755 eponitemonua
393 1691 517 1741 vestras
535 1689 684 1741 docteres
702 1703 798 1756 super
816 1703 931 1743 manus
943 1691 1093 1745 decreras
1106 1692 1241 1744 mortuo·

134 1789 254 1841 minum
266 1800 340 1856 quos
350 1788 450 1840 vultis
463 1789 572 1842 reduci
590 1790 633 1841 od
654 1789 737 1841 uitae
753 1788 848 1855 hspes
862 1789 997 1843 mirorem
1009 1792 1039 1842 et
1051 1790 1241 1843 amaritudi-

134 1888 240 1941 eenree
253 1905 262 1941 .-
273 1888 312 1940 ιη
323 1888 450 1941 nonme
461 1887 569 1941 Patro
581 1890 612 1941 er
623 1888 701 1940 rerer
712 1888 888 1955 empireus
900 1874 1013 1954 sancit,
1024 1902 1115 1956 ouem
1129 1890 1241 1944 cenet

145 1986 275 2039 (lenitus
284 1986 463 2059 predicant,
485 1986 605 2052 surpite
622 1989 651 2038 et
663 1986 747 2039 emite
764 1987 920 2042 demedio
937 1987 1108 2053 cotipinoso
1119 1990 1149 2041 et
1161 1990 1239 2042 tetro

134 2098 182 2150 pce
192 2081 327 2151 fetendo,
341 2085 417 2151 quia
430 2084 494 2136 viri
505 2085 619 2152 sancti,
633 2096 706 2151 qnos
719 2085 870 2138 Dominus
883 2087 1063 2138 transmisit
1074 2087 1240 2139 muntiare·

135 2187 229 2237 uento
250 2184 407 2249 evanpetii
423 2184 484 2247 sui,
506 2197 570 2238 non
590 2187 713 2238 cessent
730 2197 792 2250 pro
812 2184 895 2238 vobio
912 2186 1061 2239 oreread
1073 2185 1240 2239 Dominum

135 2284 195 2336 coit
207 2284 332 2337 caelum
344 2287 375 2337 et
385 2284 480 2336 aride
494 2286 522 2337 et
534 2297 624 2337 more
635 2286 726 2351 acque
733 2282 931 2351 profundum
943 2285 1057 2350 abysse.

135 2382 164 2433 od
176 2382 199 2434 si
212 2382 352 2448 loquimur
365 2383 399 2434 de
411 2384 561 2448 prophetis,
575 2383 597 2433 si
619 2383 654 2434 de
674 2383 848 2444 Hieremiam,
862 2384 909 2449 qui
928 2383 980 2435 fuit
992 2383 1094 2436 missus
1110 2383 1138 2435 in
1150 2396 1239 2437 caree·

135 2499 137 2528 t
150 2481 177 2532 in
186 2493 314 2541 nervum,
328 2481 384 2532 sive
395 2481 430 2533 de
442 2482 584 2544 ltiebeam,
597 2494 646 2534 seu
659 2481 693 2533 de
705 2481 805 2534 ceteris
822 2483 963 2548 prophetis
974 2483 1021 2549 qui
1034 2488 1100 2535 sunt
1117 2483 1193 2534 missi
1206 2484 1234 2536 in

138 2579 265 2645 carceris,
280 2577 439 2644 laribusque
460 2578 543 2644 pedes
561 2592 656 2632 eorum
684 2579 806 2635 adstricti
829 2585 903 2643 sunt,
926 2592 1080 2648 manusque
1101 2593 1197 2634 eorum
1209 2586 1236 2634 et

135 2678 243 2731 circulis
255 2679 352 2731 terreis
365 2679 504 2731 constricti
517 2686 600 2744 sunt;
613 2685 705 2746 atque,
718 2680 789 2732 sieut
801 2680 907 2733 bomini
921 2684 1040 2746 potestas
1053 2681 1132 2747 eiecit
1144 2683 1236 2736 iliere-
1281 2676 1283 2680 ⁴

136 2785 199 2845 tque
220 2779 351 2831 bliebeam
373 2784 532 2845 ceterosque
554 2786 660 2845 patres,
679 2785 735 2832 tam
762 2781 909 2846 propbetas
930 2793 1012 2846 quam
1025 2781 1163 2847 apostolos
1180 2782 1236 2834 sive

135 2883 226 2930 enetos
238 2880 285 2944 qui
299 2878 337 2930 illi
351 2878 512 2944 placuerunt
525 2880 559 2931 ab
571 2880 650 2931 initio
664 2879 758 2931 mundi
772 2887 799 2932 et
811 2893 880 2944 quos
894 2879 975 2946 elegit
993 2885 1056 2932 ante
1069 2881 1236 2935 constitutio·

135 2977 196 3044 ndi,
211 2978 338 3030 similiter
357 2978 462 3029 bomini
480 2979 623 3030 elementia
642 2980 742 3043 eripuit
760 2986 867 3031 sanctos
885 2991 949 3030 snos
961 2981 1028 3030 Gen.
1043 2985 1069 3031 et
1081 2982 1128 3032 Ge.
1142 2980 1177 3032 de
1189 2982 1236 3033 ob-

135 3084 258 3142 :entoque
271 3076 327 3129 luto
340 3084 365 3129 et
375 3078 514 3129 constituit
528 3091 575 3130 eos
589 3078 616 3129 in
629 3079 717 3142 capita
729 3078 849 3144 gentium
864 3078 957 3142 populi
971 3079 1022 3141 sui,
1034 3078 1136 3131 seilicet
1145 3082 1236 3132 satur·

139 3191 162 3228 m
175 3191 285 3245 pagum,
298 3191 380 3242 quem
395 3177 447 3243 ipsi
468 3180 581 3229 donnino
595 3178 796 3244 adquisierunt,
807 3179 943 3243 primique
954 3178 1120 3245 archangeli,
1134 3179 1235 3247 angeli,

135 3289 188 3330 rae.
203 3278 363 3343 prophetae,
377 3279 501 3342 apostoli,
513 3278 703 3343 evangelistae,
720 3283 860 3341 martyres,
883 3278 1067 3342 consessores,
1082 3278 1235 3342 pontifices.

136 3415 148 3435 ,,
161 3378 300 3437 eremitae,
316 3383 475 3428 meruerunt
488 3390 547 3428 esse
568 3383 699 3442 pastores,
714 3377 870 3428 sacerdotes
887 3382 913 3427 et
931 3375 1023 3428 duces.
1046 3380 1163 3439 Quorum
1178 3391 1236 3442 pre·

136 3475 245 3541 gitamus
266 3477 325 3528 sine
347 3478 551 3528 intermissione
572 3483 601 3528 ut
621 3477 671 3541 ipsi
699 3490 748 3541 pro
771 3477 849 3528 nobis
871 3489 979 3540 semper
1001 3484 1114 3530 exorent
1128 3477 1235 3530 bomini

139 3586 189 3636 am,
203 3580 267 3625 ante
279 3586 395 3639 quornm
409 3575 507 3626 cotidie
518 3574 656 3626 adstamus
670 3588 763 3626 eornm
778 3575 971 3639 praesentiam.

136 3672 252 3725 idacium
274 3673 388 3737 prodere
401 3681 428 3725 et
448 3674 589 3725 veritatem
610 3673 781 3725 abscondere
802 3675 877 3739 pejus
890 3680 938 3726 est.
954 3674 1021 3737 Quid
1033 3682 1123 3727 autern
1137 3674 1231 3741 loqua-

136 3772 278 3824 nanilestis
300 3773 444 3825 virtutibus
465 3774 563 3824 Christi
583 3787 651 3838 quas
672 3773 802 3840 dignatus
825 3778 865 3823 est
883 3773 992 3838 operari
1008 3787 1055 3838 per
1068 3787 1161 3826 servos
1173 3788 1237 3827 suos

136 3885 210 3923 orum
221 3874 232 3922 t
245 3875 302 3923 Non
316 3878 356 3923 est
368 3878 473 3924 tantum
487 3872 611 3923 mirabile
625 3873 653 3922 in
665 3873 720 3924 vita
733 3885 853 3924 eoruma
868 3873 981 3925 bornino
991 3873 1140 3931 miraculis,
1154 3873 1237 3941 signis

136 3985 246 4038 equam
257 3973 336 4023 etiam
351 3978 410 4037 post
424 3977 538 4023 mortem
552 3972 671 4030 illorum,
685 3972 731 4024 ubi
745 3984 859 4036 corpora
873 3984 968 4024 eorum
987 3973 1080 4037 jacent
1092 3974 1236 4035 tumulata,

136 4072 225 4122 minus
238 4084 288 4136 per
301 4072 447 4134 potentiam
461 4085 536 4122 snam
552 4084 599 4122 seu
613 4084 662 4134 per
675 4070 900 4122 intercessionem
915 4084 1009 4123 eorum
1023 4072 1069 4136 qni
1087 4070 1182 4123 fideles
1195 4070 1233 4121 illi

140 4175 167 4220 nt
180 4170 208 4220 in
221 4170 276 4220 vita
288 4182 336 4220 sua
350 4168 479 4235 dignatur
491 4183 614 4234 operare.
632 4170 762 4221 Dominus
776 4182 904 4235 namque,
916 4169 1042 4221 conditor
1054 4177 1082 4221 et
1095 4175 1236 4234 reparator

136 4267 251 4332 generis,
269 4267 404 4332 legionem
417 4266 579 4319 diabolicam
593 4268 627 4319 ab
641 4268 761 4331 bomine,
775 4268 821 4332 qui
835 4273 892 4318 erat
906 4269 1035 4319 obsessus
1045 4266 1078 4319 ab
1088 4279 1131 4328 ea,
1141 4266 1234 4333 digna·

136 4379 164 4416 er
181 4367 360 4430 semetipsum
374 4367 497 4430 proicere
511 4372 537 4417 et
551 4367 658 4418 mittere
678 4367 704 4416 in
723 4380 832 4432 gregem
856 4380 1011 4432 porcorum.
1025 4367 1072 4432 qui
1086 4367 1234 4431 pereleum

136 4464 288 4516 cenderunt
301 4466 328 4516 in
341 4466 480 4530 abyssum,
492 4465 566 4516 unde
576 4479 625 4517 nec
639 4465 782 4517 revocandi
794 4471 865 4517 sunt.
877 4466 1007 4517 similiter
1018 4465 1071 4516 viri
1079 4466 1121 4516 isti
1135 4465 1232 4530 sancti,

138 4563 314 4630 sloquimur,
336 4566 528 4629 dominusper
545 4565 770 4618 intercessionem
792 4578 885 4617 eornm
908 4564 1021 4630 angelos
1041 4572 1163 4628 satanae,
1184 4565 1230 4630 qui
