3076 5498
151 304 218 372 240
489 318 615 369 aaran.
634 318 735 368 cono.
756 317 930 367 nnoroon.
949 316 1029 366 nnn.

148 488 203 555 qui
223 486 367 554 inebriat,
391 487 458 553 ipse
481 499 601 554 quoque
625 486 845 552 inebriabitur,
871 487 894 538 si
917 498 1011 539 sacrae
1041 485 1214 538 frumentum
1237 484 1345 537 doctrinae

147 588 338 650 absconderat,
362 585 489 639 maledici
502 585 602 650 timuit,
635 591 662 640 et
686 587 749 653 quia
774 585 944 652 dispensatio
969 584 1134 641 inebriantis
1167 582 1345 649 praedicationis

146 685 244 752 poculo
254 686 288 738 ab
299 687 421 740 ubertate
431 685 529 739 domus
539 686 645 738 bomini
656 686 786 738 inebriari
798 685 958 738 desiderans
967 697 999 737 ac
1008 688 1130 736 torrente
1139 683 1279 748 voluptatis
1287 688 1348 734 aeter·

146 798 199 837 nae
212 785 311 850 potari,
326 785 415 849 potius
429 783 551 837 decrevit
562 786 692 837 humeros
705 785 781 837 oneri
796 785 922 837 subicere
935 789 963 836 et
970 783 1084 851 gratiam
1106 795 1190 848 quam
1202 779 1349 847 accepitaliis

147 884 312 948 ministrare,
335 884 404 936 sicut
425 884 505 935 decet
525 884 612 937 bonos
632 883 837 948 dispensatores
863 883 1037 935 multiformis
1058 882 1163 949 gratiae
1180 881 1235 934 liei.
1248 878 1368 944 Suscepitt

147 982 229 1050 igitur
238 981 345 1048 pondus
357 983 500 1047 pastoralis
512 983 654 1049 regiminis
662 969 725 1034 cnm
737 983 835 1036 timore
845 982 960 1049 bomini,
968 983 997 1033 in
1009 980 1111 1034 ordine
1124 980 1224 1031 summi
1233 976 1351 1032 sacerdotii

147 1086 335 1133 consecratus.

179 1179 211 1230 6.
231 1181 326 1232 Beatus
339 1180 421 1248 igitur
439 1181 613 1245 Laurentius,
627 1180 785 1234 cathedram
806 1179 993 1246 pontificalem
1014 1179 1137 1244 sortitus,
1152 1177 1272 1246 diligenti
1283 1174 1351 1228 studio

147 1280 285 1347 satagebat
297 1285 327 1331 ut
339 1286 413 1332 esset
425 1280 541 1332 subditis
562 1281 619 1332 suis
640 1281 726 1333 torma
739 1280 888 1333 sanctitatis
901 1287 929 1334 et
949 1281 1039 1335 carius
1052 1280 1204 1333 honestatis
1216 1276 1353 1342 exemplum,

148 1383 283 1444 quatenns
296 1379 500 1444 praedicantem
513 1380 649 1433 contraria
664 1394 719 1434 non
732 1379 902 1434 remorderet
914 1380 1092 1446 conscientia,
1106 1378 1155 1432 sed
1173 1378 1263 1445 potins
1273 1371 1375 1442 praedi-t

148 1477 282 1529 cationem
306 1478 376 1531 vitae
388 1478 570 1530 sanctimonia
591 1478 782 1540 contenderet.
807 1482 888 1531 necet
907 1479 982 1531 enim
1004 1478 1137 1543 majorem
1161 1481 1238 1542 natu,
1258 1473 1356 1526 decetet

148 1574 225 1627 illum
247 1577 293 1642 qni
314 1578 419 1642 primus
432 1584 474 1629 est
494 1579 524 1628 in
546 1578 677 1643 Ecclesia,
692 1579 730 1630 sic
753 1579 932 1643 pronuntiare
944 1578 1059 1630 verbum
1076 1576 1219 1639 scientiae,
1232 1569 1356 1627 mundun

148 1673 299 1728 doctrinam
311 1676 455 1742 Sapientis,
469 1678 578 1730 utnon
590 1676 744 1744 impediat
760 1677 927 1731 musicam.
941 1675 1092 1742 impeditur
1109 1675 1246 1741 siquidem
1264 1666 1358 1723 mdolia

149 1775 278 1837 musicae,
297 1777 319 1828 si
339 1777 465 1829 landetur
486 1779 616 1830 bominus
639 1755 666 1829 in
688 1791 756 1831 sono
779 1778 861 1830 tubae
882 1783 908 1830 et
931 1789 987 1830 non
1012 1774 1140 1829 laudetur
1161 1775 1191 1826 in
1212 1769 1359 1839 psalterioet

148 1874 261 1928 cithara.
275 1877 413 1930 Landetur
426 1877 506 1944 igitur
519 1870 649 1929 dominus
662 1877 691 1929 in
703 1877 788 1929 tubali
807 1875 1020 1942 praedicationis
1040 1887 1109 1927 sono
1122 1879 1149 1926 et
1162 1875 1292 1926 consonet
1306 1865 1358 1934 psal·

149 1976 260 2042 terium,
274 1976 422 2028 concordet
434 1982 460 2028 et
478 1977 591 2041 cithara,
605 1982 742 2043 quatenus
754 1975 782 2028 in
795 1989 879 2029 unam
896 1973 1067 2028 concordent
1079 1972 1286 2026 consonantiam
1301 1977 1358 2034 prae

151 2072 259 2139 dicatio,
273 2088 343 2141 quae
365 2089 415 2141 per
434 2076 526 2128 tubam
549 2075 721 2141 exprimitur,
736 2080 763 2127 et
781 2073 877 2127 decem
898 2072 1090 2126 mandatorum
1114 2071 1255 2137 perfectio,
1266 2078 1326 2135 quae
1338 2064 1358 2114 io

152 2174 323 2228 decachordo
335 2176 457 2242 signatur
476 2176 617 2240 psalterio,
631 2181 657 2227 et
669 2176 760 2227 camis
780 2173 964 2239 mortificatio,
975 2186 1046 2239 quae
1058 2185 1109 2239 per
1121 2173 1254 2225 citharam
1274 2166 1360 2220 demon

151 2278 261 2325 stratur.
274 2275 350 2338 Nam,
364 2273 434 2324 sicut
447 2272 513 2324 dicit
524 2274 649 2338 Sapiens,
660 2273 817 2339 panniolo
829 2270 1017 2326 carbunculi
1031 2271 1065 2323 in
1076 2261 1360 2324 ornamentoauriet

150 2372 343 2439 comparatio
363 2372 552 2425 musicorum
575 2372 608 2424 in
629 2371 770 2425 conuiuio
791 2371 873 2436 uini,
887 2373 917 2424 et
939 2371 1021 2424 sieut
1033 2370 1067 2422 in
1080 2368 1289 2437 fabricatione
1305 2359 1361 2416 ouri

150 2470 276 2538 sianum
288 2472 332 2524 est
354 2471 526 2538 smarapcii,
540 2471 586 2524 sic
605 2483 757 2523 numerus
768 2470 960 2524 musicorum
972 2469 1158 2535 injucunda
1175 2470 1206 2521 et
1223 2461 1359 2520 moderati

150 2570 232 2624 vino.
247 2571 342 2622 vinum
361 2569 497 2636 siquidem
515 2569 670 2635 iucundum
690 2576 716 2622 et
734 2570 904 2622 moderatum
925 2573 967 2621 est
988 2580 1082 2620 sacrae
1106 2566 1248 2620 doctrinae
1267 2562 1360 2615 verbnm

150 2670 301 2736 inebrians,
314 2670 387 2736 quod
400 2682 448 2722 sua
461 2670 645 2722 delectatione
657 2671 742 2722 menti
758 2669 911 2736 jucundum
923 2673 974 2734 est,
988 2680 1045 2720 non
1058 2668 1119 2720 sine
1139 2665 1302 2719 discretione
1316 2671 1360 2726 per·
1401 2698 1403 2705 =

152 2783 292 2836 sonarum,
305 2769 427 2823 locorum
440 2783 551 2835 quoqne
569 2774 596 2822 et
610 2776 776 2836 temporum,
789 2761 836 2823 sed
855 2771 940 2823 multo
952 2768 1143 2822 moderamine
1154 2761 1361 2833 dispensandum.

151 2867 221 2921 llinc
233 2869 296 2921 vino
309 2868 331 2919 si
344 2874 499 2933 comparata
512 2875 539 2920 et
551 2869 652 2921 sociata
665 2869 968 2932 inerintinstrumenta‚
981 2867 1084 2919 musica
1098 2863 1248 2932 praedicta,
1260 2847 1403 2919 nicini

152 2966 311 3033 psalterium
322 2970 348 3018 et
359 2966 472 3032 cithara,
485 2965 587 3018 decens
600 2967 654 3018 erit
666 2972 693 3018 et
704 2966 849 3019 fabrefacta
854 2967 993 3031 junctura,
1004 2964 1075 3016 sicut
1086 2964 1116 3015 in
1125 2966 1289 3015 ornamento
1299 2965 1367 3012 annet

153 3065 254 3119 decens
275 3072 316 3118 est
340 3066 437 3132 positio
458 3065 618 3118 carbunculi
631 3071 657 3118 et
679 3066 707 3135 ip
728 3078 795 3117 auro
817 3065 964 3118 fabrefacto
977 3063 1061 3116 decus
1075 3067 1157 3115 estet
1176 3065 1288 3115 omatus
1302 3058 1368 3124 siant

152 3165 296 3232 smaragdi.
310 3165 473 3217 llttendebat
486 3166 577 3231 itaque
589 3166 630 3217 vir
642 3170 753 3216 sanctus
771 3163 838 3216 illud
851 3163 965 3216 verbum
977 3162 1115 3228 Sapientis
1128 3177 1135 3212 :
1149 3159 1265 3214 Mulier
1275 3157 1304 3211 εἰ
1313 3152 1370 3223 prb

151 3265 272 3315 matum
293 3261 414 3327 babeat,
426 3263 591 3316 contraria
604 3264 665 3316 erit
676 3263 744 3317 viro
761 3276 827 3331 suo,
840 3266 867 3316 et
887 3264 950 3329 quia
973 3261 1029 3329 qui
1046 3262 1128 3314 tenet
1148 3259 1313 3312 mulcerem
1323 3266 1369 3307 ne-

153 3375 258 3428 quam,
271 3361 362 3428 quasi
373 3361 426 3427 qui
435 3361 643 3428 apprehendit
657 3364 859 3430 scorpionem.
872 3365 904 3416 nt
922 3363 1023 3415 iterum
1043 3377 1049 3414 :
1062 3359 1180 3414 Mulier
1190 3358 1311 3413 ebriosa
1328 3349 1403 3407 iro!

153 3474 268 3528 maana
280 3463 310 3514 et
320 3463 509 3516 contumelia
521 3465 551 3515 et
563 3463 726 3530 turpitudo
738 3464 829 3517 iliius
841 3477 903 3516 nan
922 3463 1105 3529 contepitur.
1118 3458 1285 3513 Attendebat
1303 3456 1376 3524 igion

156 3560 237 3611 ctiam
251 3572 287 3611 ex
299 3559 415 3611 adverso
429 3561 560 3625 quoniam
574 3561 718 3614 Mulieris
730 3561 827 3615 bonae
838 3561 946 3614 beatus
958 3560 1018 3623 uir,
1030 3570 1184 3612 nummis
1192 3557 1277 3611 eninr
1290 3565 1376 3609 anno

154 3671 227 3710 rum
240 3657 329 3710 illius
341 3658 478 3725 dupleu;
491 3665 518 3711 et
530 3660 630 3712 iterum
642 3677 648 3712 :
658 3661 773 3714 Mulier
781 3658 875 3727 sortis
884 3658 1125 3714 oblectatvirum
1136 3671 1233 3711 suum
1244 3659 1275 3710 et
1286 3665 1378 3709 aanor

154 3754 246 3808 illius
265 3756 300 3808 in
314 3767 395 3820 pace
408 3755 566 3823 impacta
581 3769 663 3824 pars
685 3757 763 3811 borea
782 3759 898 3811 mulier
917 3757 1006 3823 bona,
1026 3758 1060 3808 in
1076 3754 1378 3823 partebonatimen·

153 3853 231 3906 tium
244 3855 339 3905 mum
353 3853 480 3906 dabitur·
491 3855 560 3907 viro
567 3868 629 3922 pro
647 3854 743 3923 saetis
763 3856 859 3911 bonis.
875 3859 947 3910 llaec
959 3856 1041 3924 igitur
1049 3855 1092 3909 vir
1100 3860 1214 3908 sanctus
1224 3860 1318 3907 mente
1325 3865 1380 3905 con
1392 3849 1403 3900 l

152 3952 287 4016 siderans,
303 3966 415 4006 carnem
428 3953 548 4008 studiose
561 3957 701 4021 redigebat
716 3957 744 4008 in
752 3957 922 4020 servitutem,
935 3968 1035 4023 cogens
1044 3967 1105 4007 eam
1115 3960 1261 4021 nmquam
1271 3952 1379 4006 bomine

151 4053 248 4117 spiritu
261 4052 409 4119 deservire,
420 4055 541 4119 jejuniis,
555 4054 666 4122 vigiliis,
680 4055 833 4122 disciplinis
845 4056 940 4109 etaliis
949 4054 1178 4121 castigationibus
1187 4051 1320 4120 plurimis
1330 4064 1381 4104 car

151 4165 216 4204 nem
225 4153 349 4217 domans,
364 4166 398 4205 ne
409 4153 556 4220 aliquando
569 4157 716 4221 primatum
725 4162 872 4222 usurparet
883 4161 978 4209 contra
988 4156 1125 4222 spiritum,
1140 4167 1194 4208 nec
1203 4167 1267 4208 eam
1278 4152 1380 4221 penult·

151 4253 226 4304 tebat
246 4252 384 4317 aliquibus
409 4252 539 4306 inebriari
561 4255 675 4322 deliciis,
698 4269 733 4308 ne
755 4261 938 4322 sequerentur
958 4252 1129 4308 contumelia
1142 4260 1172 4308 et
1185 4253 1341 4321 turpitudo,
1358 4256 1382 4304 ot

151 4364 341 4417 quaecumque
350 4351 424 4404 dulci
434 4353 477 4405 vel
488 4353 642 4408 delectabili
652 4354 841 4408 blandimento
849 4369 913 4409 caro
924 4353 1117 4422 persuadebat,
1127 4354 1225 4408 animo
1236 4353 1382 4422 prudenter
1394 4348 1403 4402 i

151 4448 315 4516 declinabat,
330 4464 365 4503 ne
383 4451 411 4502 in
424 4451 479 4504 tine
491 4454 606 4505 sentiret
619 4453 744 4506 aculeum
758 4454 921 4520 scorpionis.
930 4454 1026 4523 vigilia
1035 4455 1191 4507 honestatis
1202 4453 1384 4508 tabefaciebat

152 4560 250 4600 carnes
262 4550 321 4615 etus
335 4548 478 4617 minitabat
490 4551 565 4603 enlm
578 4552 606 4604 in
618 4553 789 4607 orationibus
802 4559 829 4607 et
849 4553 959 4607 fervens
979 4553 1066 4620 ipsius
1085 4552 1114 4605 in
1126 4555 1259 4609 brabone
1271 4551 1383 4608 devoto
