3082 5498
258 342 351 392 urso.
370 342 454 392 nar.
474 342 589 392 ranis.
611 361 651 371 -—
670 342 822 391 apruno.
842 343 889 391 nu
906 342 984 392 coo.
1006 341 1096 393 irato.
1240 329 1281 393 19

120 508 141 561 Β.
155 511 329 564 luitrirvitae
341 510 420 564 valde
435 524 484 576 per
503 511 595 564 omnia
617 510 771 564 laudandus
790 512 929 564 lohannes
950 524 1033 578 opere
1054 517 1081 564 et
1093 512 1215 578 nomine,
1233 512 1281 579 qui

97 609 162 662 nerito
173 610 207 663 rir
217 610 326 674 dieitur,
340 611 404 676 quia
414 611 529 662 viriliter
542 611 609 662 vixit
621 610 772 664 secundum
786 613 881 664 heum.
896 615 990 678 llagna
1001 611 1077 664 enim
1089 624 1153 664 vere
1170 617 1281 666 resacia

10 706 14 710 ’
94 710 1282 780 etquodbuicsanctovironomentohannesexhebraeaprinoipetinguarumomnium

10 788 17 823 ²
92 807 154 877 lingua
163 811 268 864 inditum
281 817 392 877 esuque
402 811 487 864 sancti
498 811 680 877 patriarchae,
692 812 849 876 prophetae,
859 811 1042 877 evangelistae
1052 815 1079 863 et
1088 811 1214 877 apostoli,
1223 811 1282 877 ipse

10 896 20 990 Ἰ
70 908 147 962 tetiam
158 923 229 964 verus
240 912 311 963 heus
320 914 348 963 et
357 923 438 963 verus
451 911 543 974 homo,
557 909 630 963 idern
642 911 700 962 ucri
713 911 759 962 lici
773 910 886 976 verique
900 910 1018 963 hominis
1031 909 1103 963 lilius
1115 910 1196 963 simul
1210 922 1282 963 unus

16 1012 20 1018 '
88 1008 182 1078 enciens,
193 1011 316 1064 instructi
335 1013 409 1075 sunt,
428 1023 477 1076 per
497 1022 567 1077 quos
580 1011 725 1062 innumera
747 1010 867 1063 salubria
889 986 1035 1076 vitaliaque
1057 1009 1192 1076 dogmata,
1215 1022 1281 1074 quo·

86 1120 171 1175 unque
179 1122 301 1178 magnae,
315 1108 472 1162 imbuendis
481 1114 562 1175 atque
573 1108 607 1162 ad
620 1109 746 1161 caelestia
769 1109 916 1162 invitandis
933 1109 1054 1162 ubertim
1076 1109 1214 1176 gentihus,
1232 1120 1283 1174 per

14 1190 20 1212 ¹
84 1212 147 1260 utum
164 1211 309 1263 recitantur
326 1211 421 1263 orbern
442 1209 549 1262 homini
561 1211 645 1276 gratia
657 1209 777 1262 assidue.
798 1209 938 1262 lohannes
951 1209 1025 1261 enim
1037 1208 1145 1276 pratia
1157 1207 1284 1262 Domini

11 1284 16 1292 ’
81 1306 252 1373 interpretatur.
276 1311 345 1377 llrgo
366 1323 399 1362 ex
419 1311 559 1377 praesagio
580 1310 699 1376 quodam
720 1323 835 1376 magnus
857 1310 900 1361 hio
920 1309 961 1362 vir
984 1309 1038 1361 tale
1060 1312 1224 1361 consecutos
1241 1310 1284 1360 est

36 1404 68 1457 'to
79 1407 219 1473 uocabulum,
233 1408 297 1474 quia
314 1409 439 1462 videlicet
461 1409 488 1461 id
508 1409 532 1460 ci
557 1409 663 1461 bomini
685 1409 827 1475 expetebat
839 1409 925 1476 gratia
938 1407 1114 1474 conferenda,
1133 1421 1183 1473 per
1200 1419 1282 1474 quam

81 1507 191 1570 pnechra
213 1507 415 1573 praedictorum
444 1513 600 1561 sanctorum
624 1508 763 1562 volumina
788 1508 952 1570 edisserens,
975 1508 1137 1561 mirabiliter
1162 1506 1284 1561 erudiret

81 1603 177 1660 homiues
196 1615 222 1661 el
242 1609 336 1662 caelos
354 1614 522 1676 penetraret.
536 1611 597 1663 Fuit
615 1614 706 1663 autern
720 1610 764 1662 bic
782 1609 896 1661 illustris
908 1609 949 1662 vir
967 1609 1107 1662 lohannes
1126 1606 1283 1661 Antiochiae

81 1707 219 1773 ortusatoue
229 1705 396 1775 [eruditus];
410 1710 537 1774 parentes
550 1720 615 1761 vero
628 1706 719 1760 carnis
731 1707 790 1774 ejus
803 1712 928 1774 potentes
940 1705 1195 1772 bomiueshrerunt,
1206 1717 1284 1771 prae·

81 1801 184 1858 totunm
203 1813 316 1874 agentes
328 1806 441 1874 Syriae:
456 1808 502 1874 qui
516 1820 572 1860 non
584 1807 672 1860 solum
686 1806 829 1859 clarissimi
851 1806 1018 1872 bominibus,
1032 1804 1081 1858 sed
1103 1810 1130 1858 et
1151 1808 1205 1858 beo
1228 1817 1287 1872 gra·

40 1899 68 1952 le
81 1900 154 1955 tissimi
161 1905 314 1959 extiterunt.
328 1909 399 1960 llaec
411 1920 482 1973 quae
494 1908 593 1973 loquor
606 1908 642 1959 ita
655 1920 714 1959 esse
726 1907 808 1959 etiam
821 1908 932 1960 nomina
942 1908 1037 1959 eorum
1054 1904 1283 1958 declarantium

83 2007 140 2065 pater
152 2004 271 2070 eiusdem
283 2007 369 2058 sancti
381 2007 514 2060 lobannis
526 2007 615 2060 dictus
628 2012 668 2060 est
680 2007 831 2071 Secundus,
845 2007 896 2059 hoc
917 2010 959 2059 est
977 2018 1091 2058 securus
1103 2004 1160 2057 sire
1170 2012 1264 2074 gratus
1277 2021 1285 2071 ;

10 2124 15 2189 l
84 2107 147 2154 nater
160 2105 215 2169 ejus
231 2105 347 2158 uocitata
359 2106 542 2171 esthntbosa,
556 2106 638 2159 idest
656 2105 757 2159 ilorens
774 2106 816 2158 vel
829 2103 936 2157 florida.
951 2104 1063 2171 Utrique
1085 2103 1280 2157 studiosissimi

85 2196 165 2254 dirime
176 2205 292 2270 operarii
315 2205 465 2258 existentes
479 2206 586 2271 vineae,
601 2206 793 2259 mandatorum
815 2204 910 2272 procul
932 2204 1017 2257 dubio
1039 2203 1095 2270 bei,
1108 2216 1140 2257 ac
1152 2204 1288 2257 fecundae

87 2297 171 2366 radices,
181 2303 367 2369 germinantes
380 2304 511 2370 optimum
525 2310 742 2357 constructorem
762 2316 842 2357 verae
863 2302 927 2355 tidei
940 2302 1129 2368 cultoremque
1147 2315 1285 2354 summum

44 2390 148 2450 wudu
160 2413 240 2465 paene
259 2402 318 2468 agri
338 2401 482 2470 dominici,
502 2404 634 2456 mentium
656 2403 759 2455 scilicet
779 2402 932 2467 hominum,
955 2413 1064 2467 semper
1084 2399 1283 2453 nominandum

88 2492 168 2549 baum
177 2501 337 2553 iohannem.
353 2502 402 2565 Qui
415 2514 447 2554 ex
460 2503 566 2570 tulgore
579 2503 664 2555 nimio
682 2507 842 2555 cunctarum
856 2514 949 2554 rerum
964 2500 1112 2553 visibilium
1125 2499 1282 2553 eminentis·

89 2594 149 2648 simae
161 2600 422 2668 pretiosissimaeque
444 2615 578 2670 gemmae,
600 2601 661 2668 plus
683 2602 786 2668 absque
806 2600 881 2654 omni
902 2601 1092 2653 aestimatione
1113 2598 1282 2652 coruscantis

89 2702 147 2754 (Μ
163 2707 265 2763 aurum,
277 2699 421 2751 doctrinae
433 2711 448 2751 a
461 2701 516 2752 beo
536 2699 589 2752 sibi
612 2699 728 2752 collatae
749 2712 780 2752 ac
793 2712 842 2766 per
861 2711 891 2751 se
912 2698 941 2750 in
961 2698 1094 2751 mundum
1112 2694 1237 2761 diffusae,
1250 2708 1283 2748 ex

89 2800 159 2853 rucco
176 2797 256 2849 verbo
277 2809 380 2851 nornen
402 2798 484 2851 trahit
504 2799 719 2866 chrysostomos,
733 2798 806 2866 quod
829 2803 871 2852 est
891 2798 974 2850 latine
995 2799 1115 2850 Aureum
1138 2809 1179 2850 os.
1200 2797 1283 2863 cujus

53 2882 79 2934 8
90 2889 172 2950 praelati
181 2900 314 2959 parentes,
324 2901 355 2949 ut
368 2897 491 2949 ierturin
505 2899 664 2965 evangeliis,
677 2904 787 2964 propter
797 2898 866 2950 hane
876 2897 993 2951 eandem
1006 2909 1082 2949 suam
1095 2895 1198 2962 prolem
1211 2899 1284 2948 recte

90 2994 206 3043 noscuntur
215 2995 376 3046 conserendi
391 2997 499 3060 optimis
512 2998 656 3050 arboribus
668 2998 870 3063 proferentibus
880 2998 913 3049 de
923 3010 952 3049 se
962 2996 1143 3063 gratissimum
1154 2995 1282 3048 fructum.

26 3084 30 3089 ’
88 3083 138 3144 Quid
155 3092 235 3153 potius
255 3093 289 3144 ad
309 3095 434 3147 sobolem
456 3098 604 3161 propriam,
620 3111 667 3161 per
692 3098 785 3150 orbem
808 3095 959 3148 clarissimo
981 3096 1137 3147 rutilantem
1167 3095 1283 3160 propriis

87 3185 164 3238 meritis
174 3195 197 3241 et
208 3190 332 3243 doctrina
344 3194 400 3258 hei,
416 3170 639 3260 chrysostomum
657 3197 821 3258 iohannem,
835 3195 990 3246 similantur
1009 3195 1080 3246 beati
1098 3193 1240 3246 secundus
1257 3198 1284 3246 et

11 3358 13 3362 Ι
82 3282 178 3337 lutbusa
189 3287 295 3342 duobus
308 3293 413 3358 magnis
425 3293 617 3359 luminaribus,
632 3295 682 3347 soli
696 3294 820 3346 videlicet
832 3307 863 3345 ac
876 3294 967 3356 lunae,
982 3293 1069 3344 lucem
1088 3293 1283 3358 praebentibus

43 3378 68 3429 ti
81 3383 165 3433 cunctis
184 3387 227 3451 qui
252 3389 304 3439 sub
323 3390 400 3442 caelo
420 3396 445 3442 et
464 3392 492 3442 in
517 3397 587 3444 terra
610 3397 768 3456 morantur3
788 3392 831 3444 cui
845 3393 896 3443 vati
910 3391 1009 3443 eximio
1028 3390 1080 3455 ipsi
1093 3396 1221 3456 parentes
1241 3391 1282 3442 sui

76 3477 232 3549 uniuersique
243 3487 325 3538 simul
341 3490 427 3539 sancti
442 3489 622 3542 collaetantur
634 3492 692 3543 sine
707 3490 760 3543 fine
772 3491 800 3542 in
814 3504 897 3558 regno
912 3490 967 3542 bei.
983 3490 1101 3550 Quorum
1115 3490 1200 3554 patria
1211 3488 1283 3541 illus·

75 3576 184 3641 trissina,
198 3590 227 3634 ut
247 3586 451 3650 praemisimus,
466 3589 517 3640 luit
531 3590 700 3642 antiochena
713 3591 817 3656 civitas,
831 3604 901 3657 quac
915 3590 996 3641 totius
1009 3588 1100 3654 Syriae
1113 3589 1240 3654 princeps
1253 3601 1283 3641 ac

71 3685 144 3742 oeput
161 3687 207 3733 est.
221 3685 251 3734 ln
264 3685 426 3749 caprimum
440 3688 538 3738 Christi
551 3689 686 3755 discipuli,
701 3690 803 3754 Spiritu
815 3695 908 3742 sancto
921 3687 1055 3753 inspirati,
1066 3691 1097 3738 ut
1110 3686 1215 3739 locatur
1227 3693 1284 3740 rete

69 3775 133 3829 beoe
144 3787 298 3833 contextum
311 3783 423 3849 capiens
436 3786 523 3850 pisces
536 3787 563 3837 in
577 3800 661 3851 mare,
676 3787 712 3838 ita
725 3787 810 3838 divini
822 3788 895 3839 vorbi
910 3785 1114 3851 praedicatione
1131 3790 1283 3850 captantem

10 3881 48 3934 35
68 3876 184 3931 homines
197 3882 305 3934 beatum
319 3886 429 3936 Petrum
442 3886 593 3951 principem
607 3900 687 3938 suum
702 3887 844 3938 instituere
855 3899 977 3951 praesse.

92 3976 122 4029 8.
141 3980 261 4033 Existcns
273 3996 339 4034 vero
352 3983 499 4037 facillimus
511 3984 544 4036 ad
557 3984 718 4037 discendum
738 3999 804 4050 pucr
817 3985 920 4037 bomini
941 3985 1091 4050 lohannes,
1105 3982 1284 4036 erudiebatur

60 4081 235 4133 exterioribus
258 4083 366 4148 studiis,
393 4086 496 4137 babens
525 4087 685 4151 adjutricem
715 4087 853 4151 propriam
882 4084 1052 4151 genitricem,
1072 4083 1196 4150 genitore
1226 4083 1284 4148 jam

57 4178 196 4231 defuncto.
221 4182 343 4234 ilabebat
367 4184 447 4235 eliam
471 4198 593 4238 sororem
618 4197 701 4237 unam
727 4185 869 4248 virginem.
894 4183 1019 4245 Quamvis
1037 4187 1127 4235 autem
1145 4183 1285 4248 orphanus

54 4278 244 4343 remansisset,
259 4293 315 4331 non
336 4286 438 4347 lamen,
452 4282 683 4349 quemadmodum
706 4282 783 4347 pueri
807 4281 965 4348 parentibus
986 4280 1107 4333 destituti
1130 4279 1217 4331 solent
1238 4293 1287 4345 per

10 4381 35 4431 lo
50 4377 159 4428 diversa
174 4379 273 4443 vagari,
286 4393 341 4431 non
353 4382 389 4433 ita
401 4382 444 4433 hic
454 4384 619 4449 uagabatur3
633 4382 679 4433 sed
692 4381 822 4448 pergebat
834 4379 867 4432 ad
876 4381 997 4446 singulos
1007 4391 1131 4445 quosque
1142 4378 1285 4444 magistros

47 4477 82 4528 ad
98 4474 275 4540 discendum,
288 4486 317 4530 et
329 4480 450 4532 universi
463 4488 604 4547 stupentes
617 4482 825 4534 admirabantur
837 4482 865 4532 in
878 4480 976 4532 astutia
989 4480 1072 4531 illius.
1086 4477 1200 4530 Nimiam
1211 4479 1285 4530 enirn

47 4576 229 4631 nobilitatem
242 4585 355 4632 naturae
368 4582 494 4647 propriae
505 4582 666 4636 ostendebat
677 4583 705 4634 in
716 4583 868 4647 disciplinis
878 4580 1048 4634 liberalibus.
1059 4578 1201 4630 Piissinrus
1213 4579 1286 4630 enirn
