3076 5498
256 347 351 398 emo.
370 346 654 398 nav.eara1s.-
668 347 824 399 menno.
844 349 892 398 en
908 348 987 399 oon.
1007 346 1101 399 rrvta.
1245 332 1287 400 21

94 529 178 583 unqua
187 520 212 569 et
221 515 323 582 Spiritu
335 521 440 580 sancto,
454 516 662 584 regeneratione
679 520 772 569 sancta
784 528 838 582 qua
851 528 1013 584 regenerare
1024 515 1172 585 dignanter
1185 517 1287 573 solitus

94 620 190 670 etbeus
205 617 355 671 humanum
376 631 473 685 genus.
497 620 679 686 degeneratus
699 622 792 672 autem
813 624 924 672 sanctus
943 621 1083 673 lohannes
1104 623 1290 689 sacrofonte,

94 715 197 769 astutis
207 723 247 770 est
258 717 345 771 lector
355 725 382 770 et
392 717 544 784 permansit
556 717 585 769 in
597 718 713 771 ecclesia
726 718 807 770 annis
822 719 919 771 tribus.

119 815 141 867 t.
155 817 209 869 bein
219 815 345 883 despexit
363 821 478 870 cunctas
489 829 556 883 opes
568 817 669 870 saeculi
687 818 849 884 praesentis,
863 831 974 871 omnem
987 818 1154 872 mundanam
1167 818 1291 887 gloriam,

50 914 188 969 ‚tudvusa
206 915 418 982 oblectamenta,
440 929 538 969 omnes
558 914 673 969 allectus
696 917 787 968 carnis
806 917 916 984 sprevit,
942 916 1049 970 fervens
1072 930 1165 971 amore
1186 916 1291 972 divino.

93 1014 258 1069 comendans
270 1022 363 1069 tamen
376 1016 459 1070 tutori
472 1016 596 1069 omnium
610 1018 664 1069 beo
677 1015 800 1068 viventes
812 1017 840 1068 in
853 1029 937 1070 carne
949 1004 1058 1070 viduam
1072 1020 1187 1070 matrem
1207 1029 1285 1070 suam

94 1123 119 1163 ac
126 1125 224 1168 sororem
241 1114 381 1182 propriam
402 1115 546 1183 virginem,
559 1120 587 1167 et
608 1115 699 1167 sciens
716 1111 855 1168 Christum
877 1114 954 1167 factis
972 1115 1087 1181 implere
1109 1114 1155 1166 illa
1173 1114 1293 1181 propriis

93 1213 161 1265 verbis
175 1214 241 1268 edita
259 1216 394 1282 promissa
413 1228 421 1267 τ
439 1215 545 1283 Amen,
564 1215 634 1267 dico
646 1213 728 1267 vobis
746 1215 828 1281 quod
844 1227 906 1282 oos,
919 1214 1169 1281 derelinquentes
1185 1214 1293 1268 omnia

93 1312 188 1368 immo
197 1317 394 1382 assequentes
402 1327 461 1380 me,
471 1315 653 1382 centuplum
661 1313 824 1381 accipietis
835 1314 868 1366 in
880 1314 974 1366 terris
984 1316 1014 1367 et
1022 1313 1121 1367 vitam
1130 1316 1292 1367 aetermam

52 1408 79 1460 lt
86 1411 243 1475 masidebitis
256 1414 291 1467 in
301 1415 408 1482 coetis,
422 1415 506 1482 elegit
517 1415 581 1467 totis
592 1413 697 1467 viribus
717 1414 774 1465 suis
785 1414 895 1480 placere
909 1416 982 1477 beo;
1003 1413 1186 1480 muniensque
1200 1416 1289 1466 totum

95 1509 256 1565 sevictricibus
268 1525 379 1580 semper
398 1512 579 1566 existentibus
589 1496 675 1566 armis
696 1513 783 1566 saneti
804 1513 931 1578 Spiritus,
944 1516 975 1565 ut
994 1525 1075 1564 verus
1091 1510 1240 1577 praeliator
1250 1512 1293 1564 vir

95 1607 187 1664 educere
197 1611 360 1664 invisibilem
373 1616 455 1678 atque
467 1612 672 1664 indesinentem
690 1612 911 1677 acerrimumque
922 1615 1084 1664 cunctorum
1098 1610 1203 1662 bostem
1216 1608 1291 1662 bello

94 1713 253 1773 aggressusest
272 1722 305 1763 ac
322 1709 423 1762 devicit
443 1710 496 1763 boc
509 1708 591 1762 modo
605 1709 725 1777 :jugiter
736 1710 840 1762 sanctis
858 1708 923 1761 viris
942 1709 1105 1774 adhaerens,
1118 1707 1292 1761 creberrimis

94 1801 272 1876 diutissimisque
283 1809 382 1877 vigiliis
394 1815 421 1861 et
442 1808 613 1862 orationibus
624 1807 727 1861 sanctis
747 1807 886 1872 insistens,
900 1807 930 1860 in
952 1808 1053 1860 nudam
1076 1808 1189 1860 humum
1201 1807 1291 1861 cilicio

58 1901 175 1958 iliadum
189 1909 294 1974 jacens,
312 1908 406 1960 nimiis
422 1906 536 1975 jejuniis
556 1906 706 1961 coniiciens
725 1919 836 1959 carnem
858 1919 948 1973 suam,
961 1911 989 1959 et
1007 1911 1106 1959 cuncta
1127 1906 1169 1958 bis
1190 1905 1289 1960 similia

95 2009 264 2069 propterbeum
274 2008 370 2060 libenti
380 2009 472 2061 animo
481 2008 597 2084 patiens.
607 2011 720 2061 ltoverat
730 2008 803 2060 enim
813 2009 849 2061 ita
860 2006 929 2075 [per]
940 2008 1006 2061 baec
1015 2005 1289 2060 validissimedebere

95 2101 208 2173 bominem,
221 2108 373 2162 adhaerere
391 2110 444 2162 beo
465 2108 614 2174 volentem,
627 2110 770 2161 continere
783 2122 884 2175 corpus
904 2122 994 2177 suum,
1007 2121 1042 2161 ne
1063 2107 1196 2161 rebellare
1207 2111 1291 2174 queat

95 2203 172 2261 animae
180 2209 250 2262 illius
262 2212 290 2261 et
307 2209 438 2275 impediat
451 2209 654 2262 desiderantem
678 2209 818 2276 possidere
832 2211 976 2263 bominum
997 2222 1029 2262 ac
1042 2208 1177 2275 possideri
1197 2208 1289 2272 abeo,

95 2303 121 2352 lli
130 2312 291 2362 onerantur
304 2308 400 2362 tbecae
418 2308 555 2363 frumento
577 2309 685 2376 plenae,
698 2310 799 2376 quibus
812 2311 841 2361 in
862 2310 947 2375 paleis
967 2308 1092 2369 redactis.
1108 2314 1175 2361 nutu
1196 2307 1289 2361 divino

10 2409 12 2413 ’
57 2394 152 2458 ’llante
166 2413 250 2474 vento,
263 2408 384 2461 triticum
398 2408 432 2461 ab
453 2409 495 2460 bis
515 2414 685 2477 segregatum
707 2409 840 2461 mundum
859 2421 920 2461 cum
943 2407 1080 2461 hilaritate
1100 2407 1222 2461 delatum
1231 2407 1288 2472 jam

96 2504 218 2559 reconditur
229 2508 258 2559 in
272 2509 380 2560 horreo.
393 2509 448 2560 ileo
461 2508 512 2560 boc
528 2507 629 2561 latebat
640 2507 730 2560 virum
743 2507 789 2559 liei
802 2508 1022 2574 chrysostomum
1039 2507 1192 2560 iohannem
1205 2504 1288 2572 quod,

96 2597 131 2650 risi
140 2603 265 2660 laboribus
279 2606 373 2659 nimiis
393 2607 485 2659 tractis
499 2607 605 2661 viribus
620 2608 710 2660 carnis
731 2608 884 2673 cujuspiam
896 2607 967 2660 servi
989 2609 1046 2675 bei,
1059 2613 1090 2661 ut
1101 2607 1199 2660 rationi
1216 2619 1289 2660 com·

10 2702 12 2707 ’
96 2699 147 2765 ltili,
156 2704 264 2769 deliciet,
277 2706 317 2759 sic
329 2705 490 2760 adversetur
502 2707 609 2771 spiritui
621 2708 691 2773 ejus,
705 2706 785 2759 sicuti
803 2707 941 2760 ascensori
954 2719 1003 2760 suo
1022 2707 1180 2760 adversatur
1191 2719 1289 2774 equus,

10 2791 14 2881 Ἰ
96 2792 130 2847 lbi
139 2811 243 2870 congrue
256 2802 401 2856 abeodem
420 2816 528 2856 sessore
545 2803 631 2856 irenis
651 2817 699 2857 ore
711 2809 836 2857 teneatur
847 2808 874 2856 et
886 2803 1038 2857 calcaribus
1055 2805 1177 2858 renitens
1189 2804 1287 2857 volun·

63 2885 89 2939 z
98 2895 128 2944 tati
137 2900 285 2956 stimuletur.
299 2904 436 2955 Edomans
450 2915 515 2970 ergo
527 2916 622 2955 servus
634 2903 741 2955 bomini
754 2915 866 2956 carnem
879 2905 1017 2969 propriam
1030 2910 1122 2957 sancta
1137 2903 1289 2958 intentione

10 3004 14 3079 ἰ
98 2999 258 3053 aevenenenti
271 2999 431 3053 sulierentia
454 3002 592 3054 variorum
605 3002 785 3065 cruciatuum,
798 3001 978 3067 exsuperabat
990 3003 1095 3054 bomini
1114 3003 1292 3056 amminiculo

10 3105 14 3107 ·
98 3090 229 3154 advenentis
238 3108 347 3166 cuncta.
356 3105 441 3154 Tanta
451 3115 515 3154 vero
528 3103 729 3168 perseverantia
740 3104 767 3153 in
779 3116 807 3154 se
816 3115 939 3155 crescere
949 3104 1086 3170 satagebat
1094 3105 1230 3170 gratia[m]
1240 3104 1291 3157 sibi

99 3192 324 3265 ibeopraestitatm]
334 3208 363 3254 ut
377 3201 459 3254 nimis
472 3202 539 3254 mira
553 3215 597 3254 res
607 3208 678 3254 esset
687 3202 760 3267 quod
770 3203 931 3256 intrabreve
941 3208 1048 3268 tempus
1057 3202 1291 3256 excelleret-etiam

98 3299 171 3361 eosqui
181 3314 211 3353 ex
224 3301 317 3353 multis
329 3302 409 3354 annis
423 3303 504 3368 lruJus
516 3301 612 3353 mundi
626 3315 740 3368 agonem
761 3303 942 3368 arripuerant.
958 3305 1037 3354 Deest
1048 3303 1122 3355 enim
1141 3303 1289 3371 indigentia

10 3375 16 3407 ³
64 3382 242 3452 &multitudinis
255 3413 392 3453 annorum
405 3401 429 3453 ei
450 3401 494 3453 cui
512 3415 574 3452 cum
595 3401 654 3452 vult
666 3406 693 3453 et
713 3406 794 3467 prout
807 3401 866 3454 vult
892 3401 1039 3467 opitulatur
1051 3404 1130 3454 licus.
1145 3404 1207 3454 Erat
1225 3416 1289 3470 ergo

17 3478 19 3481 ’
97 3489 151 3546 valde
160 3500 249 3552 mirum
262 3512 378 3553 cernere
391 3499 558 3565 praedictum
573 3501 712 3553 bominem
724 3502 877 3554 lobannem
891 3502 918 3553 in
932 3514 1045 3567 corpore
1058 3501 1148 3555 adbuc
1159 3504 1290 3556 constitu·

97 3589 135 3640 ltu
144 3595 212 3650 vitam
223 3599 376 3666 angelicam
389 3602 514 3666 agentem
537 3603 564 3650 et
575 3604 734 3651 sanctorum
746 3599 875 3652 virtutum
889 3600 917 3651 in
935 3613 1050 3665 corporo
1061 3614 1155 3654 verum
1168 3602 1289 3655 aemula·

10 3680 20 3717 5
94 3692 318 3751 bonomntmodo
332 3701 494 3750 exstantem.

119 3789 139 3842 ⁷·
157 3797 195 3850 llic
206 3802 317 3852 sanctus
328 3799 468 3851 lohannes
480 3812 528 3864 per
540 3797 650 3865 aliquod
672 3804 781 3865 tempus
799 3800 879 3851 etiam
894 3812 957 3852 cum
970 3800 1063 3853 inclito
1080 3801 1139 3854 viro
1152 3800 1247 3855 Basilio
1260 3803 1288 3855 in

14 3896 17 3900 “
50 3886 73 3941 δ
87 3890 180 3953 quodam
192 3905 283 3949 monte
296 3897 413 3961 excelso,
424 3897 582 3949 Antioohiae
594 3897 693 3949 civitati
708 3910 844 3962 connexo,
858 3911 907 3964 pro
919 3898 1085 3952 tumultuosa
1106 3899 1213 3953 civitate
1225 3901 1288 3954 soli·

86 3988 163 4044 latiam
173 3997 249 4048 vitam
269 3996 366 4059 durit;
388 3996 434 4062 qui
456 3996 586 4047 nimirum
608 3996 722 4048 illustris
741 3997 782 4048 vir
805 3997 851 4049 liei
867 3998 980 4056 Basilius
1002 4003 1063 4064 post
1083 4000 1111 4050 in
1132 4000 1289 4065 episcopatu

79 4091 178 4156 praefuit
189 4098 335 4148 caesareae
346 4095 448 4147 civitati
461 4095 648 4161 Cappadociae
660 4095 827 4160 provinciae.
841 4096 998 4149 volentibus
1011 4102 1101 4150 autem
1120 4099 1162 4150 bis
1175 4104 1289 4165 repente

74 4185 136 4243 efflei
157 4195 301 4259 monacbis,
323 4206 498 4260 nequaquam
523 4193 648 4259 permisit
667 4195 794 4247 voluntas
821 4196 878 4261 bei,
900 4209 981 4262 quae,
1004 4196 1156 4250 secundum
1180 4200 1287 4252 beatum

69 4295 219 4359 apostolum,
233 4300 378 4360 exsuperat
391 4307 500 4346 omnem
519 4308 641 4360 sonsum,
655 4296 702 4361 qui
716 4296 796 4348 etiam
810 4296 1061 4361 praedestinaverat
1078 4310 1128 4363 per
1139 4299 1188 4351 bos
1206 4300 1289 4352 innu-

10 4400 44 4456 40
62 4405 151 4448 meros
163 4394 285 4448 homines
301 4394 398 4446 salutis
418 4406 483 4446 suae
503 4406 651 4462 agnoscere
664 4395 814 4447 veritatem.
834 4395 987 4461 Populo‘er
1009 4394 1062 4449 ilde
1082 4409 1231 4464 amoreque
1254 4399 1289 4452 ad

62 4493 225 4564 praedictum
235 4495 325 4548 locum
337 4493 372 4546 ob
381 4492 534 4546 doctrinam
543 4495 745 4547 elsanotitatem
753 4495 1288 4568 borumabsquecessationecontluenlo,

59 4595 241 4660 tranquillitas
253 4596 370 4646 istorum
383 4593 518 4656 turbatur,
531 4607 563 4646 eo
576 4594 648 4659 quod
663 4595 810 4660 nequirent
822 4608 931 4660 semper
943 4595 1092 4648 adhaerere
1111 4599 1164 4649 lieo
1178 4599 1226 4650 soli
1241 4612 1290 4663 per
