3076 5498
360 347 455 397 nmo.
473 347 555 397 utu.
575 346 691 396 etms.
711 367 754 376 -
771 347 924 396 cernuo.
943 347 991 396 so
1006 344 1085 396 coo.
1105 340 1196 393 trooa.
1313 326 1379 393 383

166 515 253 580 inqua
272 516 377 568 seilicet
398 516 544 582 utriusque
565 516 650 581 partis
671 517 865 582 congressione
885 515 993 582 aliquos
1012 514 1223 566 christianorum
1246 512 1382 578 oppetisse

161 614 273 680 contigit,
287 615 390 680 quippe
402 615 450 681 qui
463 627 514 667 nec
528 615 609 666 reniti
621 612 797 677 adversariis,
811 616 935 680 quamvis
947 614 1075 665 tortiores
1092 613 1205 677 viribus,
1219 611 1380 676 voluissent,

158 712 208 765 sire
220 714 329 779 pietatis
340 714 454 767 obtentu
464 727 513 766 scu
522 718 597 766 certe
607 727 642 765 ne
651 713 754 779 aliquid
767 713 809 777 vel
818 713 914 766 leviter
923 718 1018 766 contra
1028 712 1068 764 ias
1079 712 1212 778 principis
1224 712 1378 776 molientes,

157 814 386 880 praesumptionis
398 814 494 866 saltem
506 814 670 881 cujusquam
683 814 831 880 opprobrio
845 817 1017 866 notarentur.
1031 814 1106 864 lnter
1118 813 1184 865 haec
1198 812 1305 865 collecti
1316 825 1380 878 gen·

130 917 134 959 '·
156 915 215 968 tiles
227 916 256 967 in
269 919 388 973 coetum,
400 915 631 980 opportunitatem
645 927 673 966 se
686 913 825 980 accepisse
836 913 1011 977 arbitrantes,
1024 914 1058 965 ad
1071 912 1222 979 principem
1234 911 1385 965 unanimes<

154 1014 228 1066 coire
238 1013 395 1067 deliberant
406 1019 433 1066 et
450 1013 537 1073 dolos.
557 1026 626 1079 quos
648 1013 742 1080 iniqua
760 1014 817 1079 lam
838 1017 929 1065 mente
947 1015 1141 1078 conceperant,
1166 1024 1198 1065 ex
1221 1012 1383 1065 auctoritate

154 1113 289 1180 principis
300 1113 454 1180 adimplere
465 1112 647 1166 contendunt.

187 1212 239 1266 12.
253 1213 358 1277 Quibus
366 1212 496 1265 omnibus
508 1218 537 1264 et
548 1212 608 1264 aliis
620 1225 702 1277 quam
716 1211 840 1277 pluribus
852 1212 1063 1265 obtrectantium
1091 1224 1137 1264 rex
1157 1211 1215 1277 ipse
1232 1211 1383 1265 mendaciis

153 1316 320 1378 provocatus
339 1318 368 1365 et
391 1311 484 1365 hrrore
507 1311 593 1364 nimio
612 1315 762 1378 permotus,
784 1311 864 1378 jubet
887 1310 1018 1364 continuo
1044 1309 1207 1364 officialibus
1224 1310 1272 1376 qui
1290 1322 1382 1363 coram

130 1424 132 1452 ι
152 1410 311 1477 adstabant,
323 1411 455 1478 quatinus
477 1411 606 1464 festinato
624 1412 767 1476 abeuntes,
789 1411 899 1463 beatum
921 1411 973 1463 sibi
991 1411 1145 1463 llaurinum
1169 1410 1298 1463 revinctis
1321 1414 1385 1475 post

153 1515 265 1578 tergum
290 1510 410 1564 brachiis
429 1513 646 1576 praesentarent.
671 1510 720 1574 Qui
742 1509 819 1575 jussa
830 1509 1010 1575 complentes,
1034 1508 1162 1563 eductum
1187 1508 1234 1562 bei
1258 1508 1384 1575 militem,

154 1614 280 1663 statuunt
302 1622 364 1662 eum
385 1613 449 1663 ante
471 1609 623 1675 impiissimi
644 1608 754 1674 tyranni
775 1613 963 1675 conspectum.
989 1609 1038 1673 Qui
1062 1608 1162 1662 sedens
1184 1598 1234 1674 pro
1255 1607 1385 1662 tribunali
1462 1675 1464 1684 Ι

154 1707 246 1774 eoepit
258 1709 347 1773 primo
355 1708 487 1773 juvenem
499 1706 533 1761 ad
546 1706 679 1760 sacrificia
691 1706 856 1772 compellere
870 1706 1015 1768 idolorum,
1029 1707 1224 1760 interminatus
1239 1707 1263 1760 ei
1276 1705 1385 1760 diversa
1417 1747 1420 1754 .

154 1819 307 1873 poenarum
320 1805 444 1861 molitum
456 1804 491 1858 iri
503 1809 648 1866 tormenta,
661 1806 714 1858 nisi
727 1818 811 1872 quam
824 1806 954 1858 citissime
967 1805 1019 1858 sibi
1033 1806 1202 1859 consentiret
1222 1811 1252 1860 ut
1261 1805 1314 1858 diis
1327 1818 1385 1858 cae·

130 1931 133 1947 ›
154 1905 289 1960 rimonias
302 1905 464 1959 immolaret.
474 1907 495 1958 Α
506 1917 562 1971 quo
575 1904 755 1957 nibilominus
766 1912 793 1958 et
805 1905 863 1970 ipse
877 1904 1032 1957 rationabili
1047 1905 1261 1971 verborumejus
1273 1916 1385 1971 respon-

153 2004 233 2058 sione
246 2004 401 2060 lrustratus.
414 2003 543 2068 vapulare
556 2016 619 2056 eum
631 2003 818 2057 acerbioribus
830 2003 957 2057 lictorum
969 2003 1081 2057 mandat
1093 2003 1266 2069 verberibus,
1277 2002 1346 2056 adeo
1357 2007 1394 2056 ut.

153 2108 320 2169 erumpente
343 2102 378 2156 ab
402 2102 468 2169 ipsis
490 2102 639 2156 visceribus
664 2103 751 2166 sanie,
772 2102 903 2155 interiora
925 2115 1051 2169 quaeque
1076 2100 1302 2168 praecordiorum
1323 2114 1384 2155 ossa

154 2200 339 2254 nudarentur.
352 2202 416 2253 l‘ost
428 2201 495 2253 haec
503 2200 597 2267 jussus
609 2200 692 2266 recipi
704 2201 733 2251 in
754 2212 892 2253 carcerem
915 2198 964 2252 bei
986 2205 1087 2266 martyr
1099 2200 1185 2253 nimio
1208 2201 1383 2253 tenebrarum

154 2303 272 2357 horrore
283 2302 466 2368 squalentem,
479 2301 526 2354 ubi
539 2301 624 2354 etalii
636 2313 735 2355 norem
747 2301 797 2353 viri
819 2314 868 2367 pro
888 2300 986 2352 Christi
1007 2301 1120 2354 nomine
1139 2301 1168 2353 in
1180 2300 1297 2353 vinculis
1310 2306 1386 2354 teue-

130 2405 134 2442 Ι
153 2402 269 2466 bantur,
282 2414 345 2454 cum
358 2401 459 2467 quihus
470 2405 499 2453 et
511 2400 583 2452 idem
596 2399 760 2453 fortissimus
772 2400 851 2452 miles
864 2399 974 2459 Christi,
988 2399 1098 2453 brachia
1111 2400 1226 2454 manicis
1237 2402 1291 2464 a[c]
1303 2413 1386 2453 crura

152 2499 336 2566 compedibus
350 2498 491 2566 religatus,
503 2498 654 2551 servandus
666 2497 748 2551 simul
760 2497 878 2550 traditur
895 2501 922 2550 et
935 2497 1143 2552 custodiendus.
1162 2500 1246 2552 Porro
1263 2499 1298 2551 ad
1317 2499 1387 2552 ostia

153 2599 302 2653 carceralis
324 2597 466 2652 custodiae
489 2610 623 2663 personae
646 2596 781 2663 quaedam
802 2610 817 2650 a
839 2597 962 2662 principe
982 2597 1135 2651 excubandi
1147 2598 1233 2665 gratia
1245 2597 1386 2665 delegatae

154 2703 230 2763 sunt,
244 2710 316 2765 quae
328 2697 401 2750 terro
412 2702 544 2760 armatae,
557 2697 591 2749 ab
605 2696 731 2764 ingressu
742 2697 860 2749 carceris
873 2695 1037 2748 christianos
1048 2701 1184 2763 arcerent,
1198 2696 1246 2764 qui
1258 2697 1385 2764 trequen-

153 2799 210 2852 tius
221 2798 314 2852 locum
326 2798 424 2863 ipsum,
438 2797 504 2850 dum
515 2810 593 2849 sacro
608 2797 732 2860 martyris
745 2796 884 2862 colloquio
897 2796 1064 2859 fruerentur,
1079 2797 1228 2850 convenire
1241 2797 1386 2864 solebant;

130 2892 142 2944 i
157 2897 260 2964 quibus
272 2897 355 2949 etiam
367 2897 389 2948 si
402 2895 458 2948 ulla
467 2894 624 2949 introeundi
636 2908 775 2948 carcerem
788 2895 865 2961 copia
879 2895 999 2959 daretur,
1005 2896 1061 2961 jam
1072 2896 1150 2961 quasi
1164 2895 1265 2949 iudicio
1275 2898 1387 2966 paganis

157 3001 225 3059 erat,
238 2995 314 3062 quod
326 3007 377 3049 suo
389 2996 435 3048 bei
448 3002 594 3061 martyrem
610 2996 706 3049 solatio
719 2996 811 3049 lovere
824 3008 907 3061 quam
917 2995 1046 3059 pietaiti]s
1065 3008 1129 3048 eum
1147 2996 1261 3050 obtentu
1275 2997 1389 3050 mallent

158 3095 261 3149 ridere.

193 3193 245 3248 1³.
260 3196 343 3247 docte
360 3206 424 3246 vero
437 3193 569 3258 insecuta,
583 3207 635 3260 qua
649 3194 805 3260 insequenti
826 3193 872 3246 die
892 3194 983 3246 lutura
1001 3194 1127 3259 martyris
1138 3193 1278 3247 audientia
1290 3208 1386 3261 spera·

161 3295 248 3364 batur,
262 3299 341 3346 erant
353 3294 451 3346 Christi
464 3272 564 3346 milites
577 3293 678 3347 divinis
690 3295 719 3345 in
738 3293 865 3345 laudibus
877 3292 1030 3360 uigiliarum
1052 3294 1183 3346 excubias
1204 3293 1388 3358 celebrantes,

130 3387 221 3451 ticum
233 3405 300 3446 ecce
313 3393 385 3445 circa
399 3393 486 3445 noctis
507 3393 592 3459 ipsius
614 3392 734 3445 medium
757 3393 829 3444 inter
841 3393 996 3445 exultantes
1009 3397 1141 3459 martyres
1154 3393 1252 3446 Christi
1270 3393 1389 3459 splendi-

160 3490 272 3544 dissimo
284 3491 398 3559 angelus
411 3492 517 3559 iulyore
529 3504 676 3544 coruscans
687 3492 794 3559 medius
807 3492 864 3556 ipse
877 3491 1022 3557 colligitur.
1037 3494 1204 3545 Reserantur
1216 3493 1279 3544 ilico
1291 3497 1389 3546 cuncta

161 3591 294 3643 ostiorum
307 3591 446 3658 repagula,
461 3596 556 3657 patent
567 3604 677 3657 quoque
696 3592 790 3643 omnia
810 3592 928 3642 carceris
949 3591 1094 3657 ergastula,
1116 3591 1174 3655 ipsa
1187 3592 1268 3644 etiam
1289 3593 1390 3659 quibus

159 3691 258 3743 Christi
271 3690 372 3742 milites
387 3692 489 3743 astricti
502 3691 669 3743 tenebantur
681 3690 852 3743 habenarum
865 3690 1016 3743 retinacula
1028 3703 1134 3742 summa
1152 3691 1291 3744 celeritate
1301 3693 1389 3745 soluta

158 3795 235 3843 sunt.
247 3791 352 3842 sonant
363 3795 502 3854 postremo
513 3789 605 3842 dulcia
619 3791 689 3842 inter
702 3802 749 3842 eos
762 3789 907 3855 praeconia
930 3795 956 3842 et
978 3788 1124 3843 modulatis
1144 3791 1257 3844 vocibus
1269 3792 1389 3859 angelica

130 3891 139 3942 i
158 3887 268 3940 mixtim
288 3888 409 3940 carmina
432 3894 625 3941 conseruntur.
648 3889 695 3940 llis
717 3888 818 3954 quippe
843 3900 1009 3955 magnopere
1030 3886 1165 3941 laetitlcati
1187 3889 1233 3941 bei
1257 3894 1388 3955 martyres

154 3987 319 4055 angelorum
334 3987 472 4054 alloquiis,
485 3988 687 4041 benedicebant
707 3990 792 4040 [teum
815 3988 971 4052 unanimes,
985 3987 1032 4053 qui
1051 4000 1145 4041 servos
1158 4001 1222 4041 suos
1235 3989 1263 4041 in
1279 3990 1390 4043 tribula·

151 4084 236 4139 tione
249 4098 305 4138 non
317 4085 428 4148 deserit,
439 4085 486 4138 scd
500 4099 547 4138 eos
569 4099 678 4150 semper
700 4099 750 4138 sua
771 4085 926 4151 praesentia
947 4083 1063 4137 visitans
1075 4086 1211 4139 consolari
1224 4087 1387 4142 dinoscitur.

149 4186 207 4251 Qui
228 4196 295 4238 uero
316 4197 366 4250 pro
388 4185 492 4238 loribus
512 4187 629 4238 carceris
650 4185 787 4238 custodias
808 4186 1000 4250 observabant,
1023 4186 1141 4252 quodam
1175 4187 1250 4239 velut
1277 4187 1389 4257 letargio

146 4283 245 4354 pressi
268 4283 304 4334 ita
326 4282 532 4336 obdormierant
552 4288 583 4335 ut
601 4284 669 4334 nihil
691 4296 804 4348 prorsus
830 4297 925 4335 eorum
945 4285 1032 4349 quae·
1054 4284 1218 4337 intrinsecus
1238 4293 1387 4353 agerentur
1404 4305 1490 4360 wod·
1510 4331 1515 4353 ,

141 4383 304 4440 advertere
315 4389 437 4449 possent,
451 4383 515 4449 quia
528 4394 609 4448 sopor
622 4381 729 4435 bomini
751 4395 847 4435 eorum
869 4389 975 4435 mentes
995 4382 1140 4436 invaserat.
1161 4385 1280 4450 Angelus
1296 4391 1389 4440 autem

141 4481 266 4540 Domini
278 4479 435 4534 affabilibus
447 4495 542 4534 servos
554 4480 654 4534 Christi
667 4479 816 4534 adhortans
829 4481 1015 4544 sermonibus,
1029 4482 1063 4534 ad
1076 4483 1226 4536 certamina
1238 4496 1286 4537 eos
1297 4484 1388 4539 lutura

138 4582 254 4652 majori
266 4579 472 4648 quodammodo
485 4579 585 4635 adach
602 4580 740 4647 praeditos
763 4581 908 4634 roborabat
927 4584 955 4633 et
972 4579 1006 4633 ad
1029 4584 1176 4646 perpetuae
1193 4581 1296 4649 gloriae
1305 4597 1384 4639 coro·
