3076 5498
635 324 763 375 catab.
783 324 885 374 cobb.
905 324 1079 374 uadtooit.
1099 325 1178 375 tau.

448 489 615 571 donatae
634 492 803 585 suerunt,
816 499 855 568 et
872 490 921 568 de
936 491 1165 569 fundatione
1184 491 1287 571 dicti
1304 516 1408 571 mon:

445 617 542 718 (pag.
565 615 675 715 1-97).

321 753 437 804 Auctore
449 749 578 804 Gauirido
589 749 624 803 de
636 749 747 812 calone,
762 747 890 801 ineditus.
899 748 982 813 cujus
995 755 1024 800 ut
1037 749 1156 816 aliquam
1165 749 1296 802 notitiam
1306 751 1408 817 accipin

289 849 471 915 capitulorum
484 847 603 901 indicem
615 847 660 900 bic
672 847 843 900 exhibemus.
857 844 916 898 Vid.
930 844 1013 911 inira,
1026 848 1150 913 append.

390 946 430 1022 2⁰
454 946 586 1024 Passio
604 946 739 1023 beatae
766 943 936 1022 Venetae
961 943 1124 1046 virginis
1154 956 1193 1024 et
1223 947 1408 1048 martyris

444 1069 628 1169 ibi-iii).

322 1206 396 1269 Aeta,
409 1208 440 1256 ut
460 1201 575 1266 videtur,
589 1202 721 1269 fabulosa,
736 1210 846 1257 sanctae
864 1202 990 1270 martyris
1010 1215 1082 1268 quae
1099 1204 1150 1256 sub
1164 1204 1281 1257 nomine
1302 1207 1406 1259 venera

292 1301 431 1369 aliquibus
443 1301 591 1356 recolenda
603 1302 704 1355 dicitur
715 1302 761 1356 die
774 1307 805 1356 ii
817 1303 984 1357 novembris.

327 1404 384 1457 inc.
395 1403 434 1455 iu
442 1400 551 1455 diebus
562 1401 628 1454 iliis
638 1400 704 1469 fuit
712 1402 843 1468 quidam
851 1403 902 1455 vir
910 1401 1080 1455 incivitate
1088 1402 1229 1468 Niveria,
1238 1402 1408 1470 nominent

293 1504 324 1555 et
343 1513 427 1554 umor
446 1501 523 1567 eius,
537 1499 661 1554 minine
681 1500 872 1555 Polliciana.
894 1501 994 1554 biam
1013 1500 1098 1554 enim
1109 1500 1196 1565 justi
1215 1501 1307 1556 ambo
1327 1504 1397 1555 acte

293 1601 470 1654 incedentes
491 1600 525 1653 iu
546 1599 688 1653 omnibus
708 1600 869 1654 mandatas
888 1602 918 1653 et
931 1599 1215 1668 justificationibus
1234 1601 1362 1655 Domini
1375 1601 1408 1654 sit

294 1701 376 1764 reto,
391 1702 420 1753 et
431 1702 538 1753 tamen
549 1711 612 1753 nou
623 1701 693 1752 erat
704 1699 749 1752 eis
762 1699 860 1766 filius,
873 1711 907 1754 eo
919 1699 1002 1764 quod
1013 1700 1116 1753 essent
1127 1700 1260 1754 stemus

326 1803 395 1854 iiaec
405 1800 497 1854 Passio
509 1800 624 1866 praebet
636 1800 770 1852 lectiones
783 1799 913 1866 legendas
926 1800 954 1851 iu
966 1799 1036 1852 testo
1049 1800 1095 1852 die
1106 1804 1218 1853 sanetae
1230 1800 1351 1868 viminis,
1364 1800 1408 1864 eujt

292 1915 307 1954 a
320 1915 347 1966 p.
360 1901 394 1952 98
405 1905 492 1954 totum
506 1898 626 1952 officium
637 1899 709 1952 notis
722 1899 835 1952 musicis
846 1899 983 1967 signatum
995 1899 1152 1954 exhibetur.

587 2281 795 2395 Appendix
814 2280 864 2369 ad
885 2277 967 2370 cod.
990 2282 1040 2372 N.
1063 2282 1112 2369 A.
1137 2278 1228 2370 311.

323 2496 430 2562 lnncx
454 2515 691 2563 caeraunonuu
714 2516 846 2564 manuni
872 2516 915 2562 nn
938 2515 1163 2572 camoenam
1187 2510 1340 2562 oonnomo
1359 2489 1408 2555 Sui

532 2605 639 2670 Purru
663 2605 741 2670 Vrvr
765 2623 965 2672 assnnvarrs
989 2602 1071 2691 (Cir.
1092 2624 1205 2690 supra,
1226 2601 1282 2690 1⁰).

329 2790 384 2841 iiae
396 2795 460 2842 sunt
472 2790 598 2844 rubricae
614 2789 792 2857 reliquiamm
805 2790 962 2843 monasterii
979 2790 1066 2843 sancti
1087 2790 1158 2843 Petri
1170 2790 1228 2842 Vivi
1240 2781 1378 2842 Senonum
1386 2777 1404 2828 θῑ

296 2887 413 2942 mndam
435 2889 609 2943 materiarum
631 2889 724 2942 libello
748 2890 900 2956 praesentis
922 2888 1058 2955 opusculi,
1072 2890 1287 2956 conscriptarum
1307 2892 1366 2939 anno
1383 2878 1407 2927 ii

296 2995 368 3039 mccc
380 2988 556 3054 nonagesimo
570 2988 659 3041 tertio.

329 3087 366 3139 be
378 3099 484 3139 summa
496 3088 637 3140 Trinitate.

312 3229 313 3232 ,
330 3185 367 3236 be
378 3185 497 3239 adventu
509 3187 629 3239 bomini.

329 3284 365 3335 ite
378 3285 586 3338 annuntiatione
599 3290 626 3337 et
637 3283 826 3337 incarnatione
839 3283 957 3336 bomini.

329 3383 366 3434 be
379 3383 517 3437 nativitate
529 3385 647 3437 bomini.

331 3481 369 3533 bs
380 3494 452 3546 pane
463 3495 548 3535 cenae
561 3483 680 3535 bomini.

308 3584 311 3589 ’
330 3580 367 3631 be
378 3592 460 3633 eruce
472 3581 589 3634 bomini.

330 3678 367 3728 be
379 3677 471 3730 tunica
483 3678 589 3731 bomini
602 3684 629 3731 et
641 3676 736 3731 Pilato.

331 3774 368 3826 De
380 3776 493 3842 spongia
507 3775 624 3828 bomini.

331 3874 368 3925 be
380 3871 475 3927 iancea
487 3875 593 3927 bomini
607 3879 633 3926 et
644 3873 777 3940 Longino.

332 3971 368 4021 ite
381 3971 496 4024 sindone
510 3974 628 4025 bomini.
641 3976 644 3981 '

331 4069 368 4121 be
379 4070 506 4135 sepulcro
518 4078 546 4123 et
558 4074 760 4127 resurreetione
773 4075 889 4127 bomini.

333 4169 369 4221 be
381 4171 519 4224 nativitate
531 4172 626 4225 beatae
640 4174 687 4226 bei
698 4175 839 4240 genitricis
850 4175 959 4228 itariae.

333 4269 370 4318 bc
384 4271 571 4336 assumptione
590 4272 724 4337 ejusdem.

334 4368 370 4419 bc
382 4369 549 4422 vestimentis
561 4370 696 4437 ejusdem.

335 4467 370 4517 bc
382 4467 487 4533 capillis
499 4468 631 4535 ejusdem.

245 4571 248 4579 ·
335 4563 371 4615 be
383 4563 453 4618 laete
466 4566 600 4632 eiusdem.
