3082 5498
371 315 464 365 amu.
483 315 567 366 rtur.
587 315 705 366 rums.
724 336 770 346 —
785 316 940 366 apruno.
961 316 1008 365 no
1025 314 1104 365 con.
1125 312 1216 365 arcos.
1344 299 1407 364 139

207 485 266 539 dietis
276 487 426 553 adhibeant,
441 500 531 554 neque
543 500 587 540 me
599 487 746 554 quicquam
769 487 820 540 nisi
833 501 849 540 a
863 487 976 540 testibus
998 485 1126 539 fidelibus
1139 489 1307 552 compertum
1327 485 1411 552 scrip·

208 585 257 638 sisse
266 586 435 651 arbitrentur,
448 587 549 652 quibus
566 587 647 639 etiam
669 586 827 639 interfuisse
840 586 1014 638 manifestum
1031 592 1082 649 est,
1095 586 1241 652 potiusque
1253 598 1312 637 rem
1325 597 1407 651 quarn

208 685 268 737 rerba
279 685 464 751 perpendant3
478 687 543 752 quia
555 699 668 752 regnum
688 687 734 738 bei
748 698 804 738 non
822 693 864 738 est
876 685 904 736 in
926 685 1094 751 eloquentia,
1106 683 1155 737 sed
1177 685 1204 737 in
1227 683 1281 737 lide
1302 668 1410 738 constat

208 787 267 847 auae
282 785 386 836 uirtute.
401 783 508 836 Etenim
522 795 578 836 non
591 784 626 835 ab
646 784 800 836 oratoribus
813 784 860 836 sed
875 797 891 836 a
904 784 1084 849 piscatoribus
1096 782 1205 836 saeculo
1218 783 1326 835 venisse
1339 783 1409 835 salu·

187 878 198 928 t
209 884 246 932 tem
255 882 414 935 credendum
425 887 476 936 est.
490 881 635 946 lilxplieit
646 884 806 947 prologus.

208 1075 270 1146 Vni
285 1081 317 1147 S.
337 1082 551 1147 Hruouvuum
564 1100 711 1147 ariscotu
725 1084 920 1148 Manoausrs
938 1080 1022 1167 (Cir.
1043 1101 1154 1166 supra,
1174 1102 1205 1166 p.
1226 1081 1301 1159 135,
1320 1078 1403 1159 240).

277 1295 404 1368 luelpit
417 1295 499 1356 vitu
513 1295 631 1356 sancd
645 1295 847 1356 Hildeverti
861 1295 1018 1368 episcopi
1031 1297 1068 1356 et
1083 1295 1311 1357 confessoris.

223 1474 247 1528 1.
260 1476 365 1530 Lectio
376 1478 413 1530 1¹.
430 1479 526 1531 Beatus
538 1478 620 1544 igitur
632 1476 812 1540 liildevertus,
827 1475 936 1529 divinae
946 1473 1136 1542 dispositionis
1148 1479 1217 1527 nutu
1228 1473 1409 1528 lleldensium

192 1574 318 1636 cuondam
340 1575 671 1643 episcopus,pa1·entibus
691 1574 844 1629 secundum
868 1575 1025 1628 mundanae
1046 1575 1227 1627 excellentiae
1249 1573 1410 1641 dignitatern

159 1667 178 1718 lt
189 1669 258 1725 baud
270 1673 367 1728 infimis
380 1689 432 1728 nec
444 1688 539 1728 sacrae
559 1675 701 1743 religionis
714 1674 818 1743 ignaris
832 1675 954 1728 noscitur
967 1680 1135 1741 procreatus.
1151 1675 1229 1726 Pater
1246 1673 1338 1739 itaque
1351 1673 1410 1740 ejus

185 1768 272 1825 dictus
290 1779 330 1826 est
349 1775 513 1827 ildebertus
532 1781 614 1840 atque
630 1775 848 1840 supradictarum
862 1776 979 1840 partium
1001 1773 1102 1826 linibus
1122 1772 1244 1825 ereditur
1264 1772 1408 1839 oriundus,

184 1872 283 1926 nobilis
291 1874 401 1941 quidem
413 1887 525 1942 genere,
535 1875 582 1928 sed
595 1874 714 1929 nobilior
725 1874 796 1942 lidc3
809 1873 945 1942 siquidem
959 1875 988 1926 in
997 1875 1162 1940 elemosynis
1174 1873 1265 1941 largus
1276 1872 1327 1925 init
1338 1879 1408 1926 cete·
1454 1938 1462 1947 ,

183 1970 276 2038 risque
293 1974 427 2027 bonorum
440 1987 555 2040 operum
577 1974 802 2038 exhibitionibus,
816 1981 898 2040 prout
910 1973 1014 2027 laicalis
1036 1973 1145 2026 babitus
1167 1973 1339 2040 permiserat,
1354 1974 1407 2025 beo

183 2067 307 2125 deuotus.
319 2074 366 2126 llic
388 2073 510 2140 denique
522 2086 578 2126 non
598 2087 681 2126 eausa
693 2072 864 2126 exercendae
885 2073 1032 2138 voluptatis
1050 2072 1171 2135 illicitae,
1184 2071 1231 2124 sed
1254 2069 1408 2138 gignendae

154 2168 175 2219 lt
184 2169 271 2233 prolis
287 2184 377 2225 amore
389 2185 502 2226 uxorem
521 2173 609 2239 duxit,
623 2175 705 2225 livam
724 2173 847 2238 nomine,
862 2172 985 2224 moribus
1006 2177 1032 2224 et
1053 2184 1154 2237 genere
1176 2171 1228 2223 sibi
1249 2182 1409 2237 congruam,

187 2265 307 2321 dilectam
320 2273 374 2324 beo
387 2278 414 2323 et
426 2271 571 2324 amabilem
586 2273 653 2324 viro.

227 2364 257 2419 2.
267 2370 529 2437 Lectiosecuuda.
543 2373 592 2436 Qui
605 2384 667 2424 curn
680 2383 728 2423 sua
750 2383 779 2423 sc
791 2371 993 2424 existimatione
1014 2370 1175 2422 frustratum
1188 2372 1315 2422 cerneret
1327 2368 1408 2436 longo

195 2468 317 2532 tempore,
329 2484 425 2537 preces
434 2473 549 2525 bomino
562 2485 624 2525 eum
641 2485 726 2526 uxore
738 2485 786 2524 sua
799 2473 885 2525 iertur
897 2471 1009 2539 fudisse,
1019 2471 1147 2538 quatinus
1157 2471 1212 2522 illis
1221 2468 1315 2522 divina
1324 2469 1411 2536 pietas

202 2563 358 2634 induenda
371 2571 449 2636 prole
460 2570 619 2638 dignaretur
631 2571 736 2624 adesse.
751 2572 891 2624 Exauditis
904 2578 996 2624 autern
1008 2584 1024 2623 a
1036 2571 1151 2624 bomine
1164 2569 1307 2623 amborum
1321 2569 1409 2635 preci·

171 2657 321 2725 alumna
336 2674 377 2721 est
393 2668 434 2721 eis
454 2668 564 2736 elegans
585 2669 694 2722 soboles
707 2669 823 2722 evolutis
841 2683 939 2723 novem
961 2669 1112 2722 mensibus.
1131 2669 1208 2733 Quod
1229 2667 1330 2720 iactum
1352 2680 1410 2721 cer·

210 2767 294 2828 uenus,
309 2767 402 2820 beatus
430 2767 558 2821 uidelicet
583 2768 744 2821 ildebertus
764 2770 880 2836 ejusque
898 2768 1064 2821 venerabilis
1085 2768 1196 2836 conjux,
1210 2768 1334 2836 ingentes
1353 2768 1410 2821 Deo

214 2860 288 2919 emtas
304 2872 423 2934 egemnt,
437 2868 581 2920 credentes
596 2868 651 2920 tale
663 2873 826 2935 tantumque
846 2867 1011 2922 beneficium
1033 2868 1125 2922 diuina
1144 2868 1336 2933 propitiatione
1358 2868 1409 2920 sibi

135 2990 137 2997 .
217 2952 258 3009 fore
273 2965 398 3020 collatum.
413 2967 574 3035 Adscitique
595 2973 659 3020 sunt
678 2969 765 3021 abeis
786 2968 898 3034 quidam
913 2969 1081 3021 contribules
1095 2981 1159 3033 prae
1179 2967 1278 3034 gaudio
1302 2972 1410 3032 optatae

219 3057 327 3117 natiuitatis
347 3067 484 3119 masculae
506 3068 617 3132 sobolis,
631 3073 660 3119 ut
681 3074 708 3119 et
721 3068 788 3132 ipsis
809 3069 1073 3135 congratularentur,
1088 3075 1115 3120 et
1135 3081 1224 3133 nuper
1237 3073 1318 3119 natus
1339 3079 1409 3132 puer

187 3147 208 3196 ἵ)
219 3163 255 3214 llll
263 3165 355 3218 nomine
367 3167 474 3218 censeri
486 3165 598 3218 deberet
608 3168 677 3219 sacri
688 3167 857 3231 baptismatis
867 3167 1076 3233 regeneratione
1087 3169 1158 3218 inter
1168 3180 1197 3218 se
1208 3165 1407 3231 praeviderent.

219 3248 272 3307 lule
282 3266 302 3311 et
312 3264 396 3329 ipsum
411 3265 557 3329 puerulum
579 3268 633 3318 lieo
645 3265 775 3318 dilectum
797 3267 982 3318 llildevertum
997 3267 1108 3318 nomine
1130 3271 1257 3318 vocantes
1270 3265 1406 3319 abierunt.

135 3426 138 3441 ‚
219 3347 263 3403 Nil]
273 3371 321 3413 curn
334 3364 462 3429 paulatim
475 3365 608 3429 coepisset
619 3378 754 3430 crescere,
768 3364 893 3437 videntes
905 3365 1113 3418 admirabantur
1125 3364 1279 3433 elegantem
1292 3365 1407 3417 sormam

135 3456 137 3463 '
218 3446 300 3519 ejusque
313 3463 544 3527 pulchritudinem
558 3465 703 3532 egregiam.

240 3546 261 3604 ³·
271 3557 365 3613 Lectio
378 3564 435 3615 111.
450 3566 481 3615 Ut
493 3568 583 3615 autern
596 3564 630 3615 de
652 3564 774 3629 pluribus
788 3578 873 3630 pauca
895 3565 1054 3631 edisseram,
1068 3565 1151 3617 unius
1173 3564 1251 3617 lustri
1270 3569 1406 3617 transacto

182 3641 326 3724 itmrriculo,
340 3660 457 3713 traditur
469 3663 549 3714 beato
563 3664 659 3716 Faroni
683 3664 863 3715 bleldensium
876 3665 1013 3730 episcopo,
1028 3665 1112 3717 saeris
1125 3664 1280 3716 divinarum
1294 3663 1407 3730 scriptu·

215 3757 279 3806 litum
290 3758 380 3812 litteris
392 3760 568 3814 imbuendus.
583 3765 660 3814 llunc
673 3762 792 3829 denique
806 3765 846 3815 tir
856 3770 966 3816 sanctus
978 3776 1040 3816 cum
1052 3764 1151 3829 gaudio
1164 3764 1325 3829 suscipiens,
1336 3763 1408 3816 inira

208 3847 270 3907 bret-e
280 3862 403 3925 temporis
415 3861 534 3925 spatium
547 3874 616 3914 novo
630 3875 660 3913 ac
672 3864 757 3914 veteri
771 3876 835 3915 eum
849 3864 946 3915 imbuit
958 3867 1140 3916 Testamento.
1152 3866 1212 3929 lpse
1225 3868 1316 3916 autem
1331 3877 1407 3929 puer,

207 3948 276 4006 divina
286 3958 364 4011 tultus
377 3960 535 4023 clementia,
550 3961 613 4013 licet
624 3968 711 4014 aetate
733 3976 801 4027 puer
813 3969 896 4027 essct,
911 3964 1033 4016 moribus
1047 3969 1137 4016 tamen
1155 3963 1326 4030 grandaeuus
1339 3970 1406 4015 erat.

200 4053 253 4106 dan
264 4058 283 4108 si
295 4060 353 4124 quis
365 4058 500 4112 sodalium
514 4073 626 4112 suorum
638 4061 661 4112 ei
675 4063 876 4114 conviciaretur
888 4063 958 4121 sive,
971 4062 1045 4128 quod
1059 4065 1138 4129 pejus
1150 4068 1200 4128 est,
1214 4077 1276 4116 eum
1290 4064 1407 4116 verberi-

150 4159 179 4213 33
192 4155 237 4208 bus
247 4156 368 4224 afficeret,
381 4159 481 4226 gaudio
494 4172 592 4226 magno
605 4160 736 4226 repletus,
749 4169 858 4227 propter
869 4176 970 4215 nomen
985 4163 1089 4214 bomini
1101 4163 1236 4228 patienter
1246 4161 1403 4216 sufferebat.

191 4257 280 4309 i'idens
289 4271 397 4324 quoque
409 4259 505 4310 beatus
516 4261 583 4312 Faro
593 4260 794 4326 simplicitatem
808 4264 866 4327 ejus
879 4276 988 4315 necnon
998 4267 1026 4315 et
1035 4263 1204 4328 patientiam,
1216 4276 1312 4315 omnes
1324 4264 1408 4316 eccle·

183 4357 303 4410 siastlcos
315 4359 414 4425 gradus
428 4370 477 4423 per
492 4357 619 4411 ordinem
631 4360 654 4410 ei
669 4362 850 4425 committens,
864 4361 898 4413 ad
910 4362 1037 4413 ultimum
1047 4361 1189 4414 ordinatus
1200 4368 1241 4414 est
1254 4362 1406 4428 presbyter.

178 4459 217 4510 Ab
231 4455 277 4507 illo
289 4467 352 4522 ergo
364 4456 409 4508 die
423 4457 519 4509 subtus
532 4457 565 4508 ad
579 4471 689 4510 earnem
709 4460 872 4512 vestimento
886 4474 942 4512 non
955 4466 996 4512 est
1008 4461 1119 4513 indutus
1131 4461 1183 4513 alio
1198 4461 1248 4512 nisi
1262 4473 1407 4526 caprarum

174 4560 240 4627 pilis
250 4562 387 4611 contexto.
400 4557 454 4610 scd
466 4563 556 4623 antea,
570 4557 635 4611 dum
649 4560 738 4613 adbuc
750 4562 778 4612 in
791 4561 962 4615 scholaribus
977 4568 1128 4616 moraretur
1140 4561 1303 4628 disciplinis,
1319 4568 1406 4616 mater
