3076 5498
160 313 226 378 452
507 325 631 376 carni.
650 326 752 376 conn.
771 325 947 376 uaoroon.
965 325 1046 375 mr.

196 505 233 555 lle
244 501 368 567 reliquiis
379 501 465 553 sancti
478 499 676 564 christophori.

195 604 232 653 lle
243 601 383 669 unguento
395 604 551 652 sanctorum
565 602 678 653 cosmae
689 603 717 650 et
729 597 862 651 Damianl.

192 699 315 752 Narratio
326 698 361 752 de
374 697 588 752 confessoribus.

193 800 230 851 lle
242 800 329 865 mpite
341 799 426 851 sancti
439 797 571 865 Gregorii.

193 900 230 950 lle
243 897 365 964 reliquiis
379 898 451 951 heati
464 896 569 949 liilarii.

194 999 231 1050 tle
243 995 366 1064 reliquiis
379 997 449 1050 heati
462 994 580 1049 lartini.

191 1098 228 1149 lle
239 1108 353 1162 corpore
366 1097 453 1149 sancti
465 1093 596 1148 lihhonis.

192 1198 229 1248 tle
240 1195 327 1249 intuta
339 1195 437 1262 ipsius.

191 1296 229 1348 lle
240 1306 354 1361 corpore
368 1293 455 1347 sancti
467 1293 575 1347 Leonis.

191 1397 228 1448 lle
240 1407 354 1460 corpore
366 1394 453 1447 sancti
466 1393 592 1447 Ursicini.

190 1496 227 1547 lte
239 1506 355 1560 corpore
368 1494 453 1546 sancti
465 1492 575 1560 agricii.

87 1661 90 1666 ἱ
190 1597 227 1647 lle
241 1607 357 1660 corpore
369 1593 456 1646 sancti
467 1592 613 1646 Ambrosii.

190 1696 226 1747 lte
239 1694 362 1761 reliquiis
374 1693 462 1746 sancti
474 1692 553 1758 Lupi.

189 1796 227 1846 lle
239 1793 363 1860 reliquiis
375 1792 461 1845 sancti
474 1790 562 1859 Eligii.

190 1894 227 1945 he
238 1891 352 1946 dimidio
363 1891 446 1945 dente
463 1891 548 1944 sancti
563 1889 695 1943 itichoiai.

189 1994 226 2045 he
238 1993 321 2045 dente
335 1991 421 2044 sancti
434 1991 520 2043 larii.

187 2095 224 2145 lle
236 2105 298 2144 osse
311 2092 399 2145 sancti
413 2088 562 2143 Benedicti.

187 2194 224 2244 lte
237 2191 348 2243 brachio
361 2190 449 2243 sancti
461 2187 608 2242 hconardi.

186 2289 309 2341 Narratio
321 2288 356 2340 de
367 2288 529 2355 virginibus.

189 2389 227 2440 he
239 2387 361 2453 reliquiis
372 2393 481 2439 sanctae
492 2385 592 2439 hariae
604 2383 788 2452 liagdaienac.

188 2489 225 2540 lle
237 2486 328 2555 digitis
340 2491 449 2539 sanctae
461 2485 610 2538 columbae
621 2483 744 2552 virginis.

187 2586 224 2637 he
235 2596 352 2650 corpore
363 2589 475 2637 sancho
489 2586 586 2636 Beatae
599 2582 724 2651 virginis.

184 2685 222 2735 lle
233 2683 312 2736 heata
325 2681 528 2735 theudechilde
541 2681 648 2750 virgine
660 2687 688 2734 et
700 2681 862 2734 fundatione
874 2678 1034 2734 monasterii
1047 2679 1140 2732 sancti
1153 2679 1229 2732 l‘ctri
1240 2680 1307 2733 viri.

185 2781 222 2832 lie
234 2779 329 2833 Basolo
342 2779 413 2833 duce
425 2786 454 2832 et
465 2777 601 2832 monacho
614 2779 698 2845 hujus
710 2777 772 2832 loci.

183 2881 219 2931 ile
231 2880 335 2945 majore
346 2877 426 2931 altari
439 2884 467 2931 et
479 2878 577 2930 ceteris
588 2878 732 2930 altaribus.

184 2979 221 3030 tle
234 2978 358 3044 reliquiis
369 2991 385 3030 a
398 2982 492 3030 sancio
506 2977 596 3030 Felice
609 2977 769 3043 impetratis.

185 3079 221 3130 lle
235 3077 322 3143 primo
335 3077 434 3131 ahhate
448 3077 606 3130 monasterii
619 3077 707 3144 istius,
720 3074 878 3129 amalberto
890 3075 1012 3141 nomine,
1023 3079 1052 3128 ct
1060 3073 1096 3127 de
1105 3080 1202 3128 morte
1214 3076 1303 3130 uasoti
1311 3073 1377 3128 duco

148 3180 176 3228 et
186 3175 325 3229 monachi.

181 3275 353 3341 Epitaphium
365 3274 430 3327 dicti
445 3275 544 3328 Basoii.

182 3376 219 3426 he
232 3381 318 3427 morte
330 3381 358 3427 et
372 3374 514 3441 sepultura
527 3380 639 3427 sunctae
650 3372 862 3428 Theodechildls
873 3372 1000 3440 virginis.

184 3474 354 3541 Epitaphium
368 3474 454 3540 ipsius
466 3473 589 3542 virginis.

180 3576 217 3627 lle
228 3573 385 3627 nominihus
404 3573 534 3626 ahbatum
547 3574 705 3627 monasterii
721 3575 813 3627 sancti
825 3572 898 3626 Petri
910 3571 967 3624 tiri
979 3575 1006 3624 et
1017 3568 1054 3622 de
1065 3568 1182 3624 actibus
1193 3576 1224 3625 et
1235 3567 1375 3640 sepulturis

148 3671 324 3739 quorundam
337 3672 469 3739 ipsorum.

180 3774 217 3824 tle
228 3770 386 3824 nominihus
397 3772 669 3840 archiepiscoporum
680 3771 881 3827 senonensium
893 3767 968 3822 etde
979 3767 1089 3822 actibus
1101 3772 1128 3821 et
1148 3771 1308 3838 sepulturis
1321 3779 1376 3836 quo
1417 3798 1420 3863 i

149 3868 267 3922 rundam
280 3869 411 3934 ipsorum.
1414 3894 1420 3941 ³.

178 3971 215 4020 lle
236 3968 397 4021 nominihus
420 3982 516 4037 mum
541 3972 708 4025 Francorum
730 3978 759 4025 et
781 3971 817 4025 de
839 3969 948 4024 aditus
970 3972 998 4020 et
1021 3966 1180 4034 sepulturis
1216 3966 1376 4037 quorundam
1417 3980 1420 4035 ιζ

146 4080 280 4135 ipsorum.
