3082 5498
139 103 183 167 78
478 116 604 168 ouran.
624 116 726 168 oonn.
746 116 921 188 meroen.
941 116 1022 169 nar.

138 315 225 381 vm
242 314 276 381 S.
296 314 439 380 Aesarei
456 332 603 380 serscorr
617 314 851 380 Vmourmrosrs
868 311 1006 400 (1)(611.
1026 331 1138 399 supra,
1158 331 1190 401 p.
1208 315 1266 391 74,
1284 311 1368 400 63⁰).

275 503 404 576 Incipit
417 505 588 577 prologus
601 503 639 564 in
654 503 767 564 vitam
782 503 899 564 moti
912 503 1057 577 naemu
1071 503 1241 576 episcopi.

172 663 200 738 1.
216 685 327 737 Gratum
339 687 394 738 beo
407 697 439 737 ac
451 683 527 738 vobis
538 684 606 737 utile
617 683 732 750 dignum
751 695 821 750 opus
832 686 876 735 et¹
897 682 1016 736 amabile
1027 688 1078 744 est,
1093 682 1191 735 fratres
1203 681 1341 735 carissimi
1350 685 1371 749 ἱ,

138 788 169 837 ut
180 783 209 838 in
220 783 265 837 die
277 783 433 837 festivitatis
444 783 531 837 sancti
545 796 576 836 ac
587 782 753 837 venerabilis
765 783 850 850 patris
862 783 950 835 nostri
963 783 1080 850 ligerici,
1093 781 1129 836 de
1142 783 1224 837 borto
1238 782 1372 836 uirtutum

138 883 224 949 ipsius
235 882 432 938 secundissimo
443 885 576 949 quosdam
588 883 717 938 tlosculos
728 889 757 937 et
775 884 892 937 virentia
905 882 1045 950 quaelibet
1063 882 1266 938 odoramenta²
1276 881 1374 936 decer·

138 995 210 1049 pam,
223 995 310 1050 eaque
321 982 357 1036 ad
369 995 491 1036 mensam
501 983 620 1036 laetitiae
632 983 788 1037 communis
799 983 903 1037 ferculo
913 983 1066 1041 litterarum
1076 984 1231 1050 composita
1242 981 1372 1052 offeram,

137 1082 231 1149 sicque
244 1081 527 1149 repleamtdesiderii
553 1084 635 1137 vestri
656 1083 818 1150 appetitum,
839 1083 1057 1151 particulamque
1078 1084 1179 1137 bonam
1195 1088 1339 1150 acceptam
1357 1096 1374 1137 a

137 1181 252 1234 bomlno
263 1182 341 1235 vobis
352 1195 384 1235 ex
396 1182 507 1235 caritate
520 1182 731 1245 communicem.
746 1185 820 1235 llona
832 1186 874 1235 est
886 1195 917 1235 ac
927 1179 1078 1236 laudabilis
1088 1183 1241 1248 plurimum
1254 1183 1376 1237 intentio

136 1283 236 1346 vestra,
248 1279 328 1334 amici
341 1281 399 1347 bei,
411 1294 496 1347 purus
507 1280 615 1343 oculus,
628 1293 729 1346 corpus
749 1280 888 1346 lucidum;
910 1281 959 1334 sed
980 1281 1129 1335 conversio
1141 1280 1306 1334 claudicans
1319 1293 1369 1334 neo

137 1377 239 1431 directa
249 1377 285 1431 ad
298 1390 425 1432 normam
443 1379 552 1432 vacillat
571 1380 600 1431 in
622 1379 702 1431 nobis
722 1391 753 1432 ac
771 1379 885 1445 fallitur,
907 1379 973 1432 dum
993 1380 1028 1432 ab
1049 1380 1178 1446 imperito
1197 1385 1226 1434 et
1239 1377 1368 1449 languido
1381 1382 1408 1434 m

135 1477 268 1543 sapientia
281 1477 410 1544 salusque
423 1479 584 1545 reposcitur.
597 1480 653 1546 Ago
666 1483 759 1531 tamen
776 1480 886 1547 gratias,
906 1479 971 1546 quia
989 1477 1064 1546 quod
1082 1479 1184 1545 putatis
1203 1492 1249 1532 me
1261 1479 1363 1546 aliquid

137 1588 208 1642 esse,
223 1591 286 1631 cum
299 1555 366 1631 nibil
380 1579 441 1645 sim,
454 1578 572 1647 benigna
584 1585 612 1632 et
629 1579 722 1633 omnia
745 1578 863 1632 credens
881 1579 981 1631 caritas
999 1585 1138 1645 operatur.
1150 1582 1212 1634 lton
1223 1583 1268 1633 est
1279 1585 1363 1634 autem

137 1676 284 1746 commodi,
297 1690 354 1730 non
365 1683 406 1731 est
417 1679 535 1741 consilii,
543 1692 587 1731 me
597 1677 736 1732 modicum
749 1677 864 1746 grandia
872 1681 884 1717 ⁵
893 1691 1070 1745 praesumere
1079 1684 1107 1732 et
1115 1693 1148 1733 ex
1158 1679 1218 1733 sola
1228 1680 1364 1734 vexabonc

137 1773 260 1829 deiectus
269 1777 394 1843 accipere
405 1776 585 1831 intellectum.
600 1780 652 1830 lex
669 1790 780 1844 quoque
798 1790 849 1830 vos
861 1777 973 1842 provida
984 1782 996 1818 ⁶
1007 1790 1022 1830 a
1035 1790 1080 1831 me
1093 1777 1212 1844 repellit,
1225 1778 1295 1832 dum
1305 1790 1364 1846 quo·

86 1941 91 1951 Ι
136 1874 284 1930 dammodo
295 1877 372 1930 vobis
384 1877 509 1935 innuens
516 1890 549 1930 ex
562 1877 647 1930 latere
658 1876 725 1929 dicit
739 1892 746 1929 ε
765 1875 835 1930 Non
852 1876 962 1931 arabis
981 1877 1016 1929 in
1033 1876 1362 1942 booesimulctasino,
1375 1873 1408 1929 tu

137 1987 169 2028 ac
178 1975 299 2030 sidicat:
312 1979 365 2030 blec
374 1976 554 2030 delectaberis
564 1977 643 2029 bruta
652 1981 680 2030 et
689 1977 807 2029 lasciua7
816 1977 924 2029 levitate
936 1976 1165 2042 stultorum,dum
1176 1978 1363 2032 mnonabibat

137 2075 301 2142 sapientium
319 2078 451 2145 gravitate
468 2075 586 2130 doceris.
609 2080 758 2142 Postremo,
781 2059 844 2142 quia
867 2089 901 2129 ex
922 2076 1036 2130 arbitrio
1056 2085 1149 2130 restro
1166 2077 1364 2144 pendemussi

138 2175 272 2243 puerilem
284 2175 475 2242 insulsumque
489 2189 644 2229 sermonem
658 2176 687 2227 in
700 2189 767 2228 senc
780 2188 835 2228 non
854 2175 997 2242 spernitis,
1011 2176 1033 2227 si
1051 2175 1086 2229 de
1104 2189 1170 2228 senc
1183 2179 1292 2244 sancio,
1304 2189 1364 2231 sene

137 2275 267 2343 glorioso,
280 2276 377 2329 senilia
390 2276 491 2343 scripta
506 2289 561 2329 non
579 2275 729 2342 displicent
741 2278 795 2328 beo
808 2276 940 2329 salvatori
953 2282 981 2329 et
997 2282 1093 2329 sancto
1105 2278 1175 2342 patri
1195 2285 1292 2332 nostro
1303 2281 1364 2346 Age

138 2374 205 2438 rico,
218 2375 296 2428 vobis
307 2374 343 2427 ad
356 2375 483 2428 ultimum
495 2375 689 2443 obsequentes,
703 2375 801 2427 restris
820 2374 1000 2428 retundemus
1017 2376 1131 2428 auribus
1150 2375 1224 2443 quod
1243 2376 1366 2431 veritasa
1378 2374 1408 2429 11

136 2474 249 2531 senibus
265 2474 300 2528 ad
317 2476 435 2542 juvenes
452 2475 561 2528 elimata
582 2475 713 2536 retundit,
733 2475 769 2527 ita
790 2475 923 2528 duntaxat
938 2481 970 2528 ut
986 2475 1118 2529 lacinioso
1136 2477 1296 2530 rusticitatis
1312 2489 1367 2529 suc·

50 2623 51 2626 ,
135 2574 217 2626 cincti
228 2573 374 2642 ependyte,
388 2587 487 2627 navem
504 2587 587 2640 quam
608 2574 731 2634 dedistis,
745 2575 829 2626 remis
849 2574 978 2640 segnibus
1000 2589 1032 2627 ac
1051 2575 1185 2633 remissis.
1200 2588 1259 2630 non
1271 2576 1367 2630 demus

131 2672 213 2726 altius
224 2686 398 2741 procurrere.
409 2676 518 2726 Portum
531 2673 693 2726 familiarem
707 2674 873 2739 tenebimus,
886 2679 916 2726 ut
938 2674 1044 2741 gratius
1054 2687 1087 2727 ac
1099 2675 1217 2728 vicinius
1229 2676 1266 2729 ad
1287 2676 1368 2742 tripu·

131 2771 176 2829 oia
189 2773 272 2840 patris
293 2774 390 2827 festiva
411 2772 492 2826 turba
511 2774 679 2826 conveniens
702 2773 848 2827 bominum
870 2773 1025 2827 mirabilem
1047 2774 1076 2826 in
1096 2776 1201 2828 sanctis
1220 2774 1317 2830 audiat
1335 2775 1369 2828 de

133 2886 225 2940 puppe
238 2873 407 2941 loquentem.
422 2872 565 2938 explicit
575 2875 736 2938 prologus.
1380 2876 1408 2928 Ι

400 3072 530 3145 meapte
544 3073 625 3134 vita
636 3074 754 3134 saneti
775 3073 920 3147 agenor
941 3030 1128 3147 episcopt.¹

167 3265 199 3318 2.
212 3267 306 3336 igitur,
321 3267 418 3319 iratres
428 3271 447 3332 ¹,
459 3272 539 3332 prout
548 3280 563 3319 a
572 3268 627 3319 lleo
637 3265 749 3319 dabitur
759 3267 911 3319 nativitatis
921 3273 949 3320 et
960 3269 1032 3338 vitae
1042 3273 1069 3320 et
1078 3267 1258 3322 dormitionis
1270 3271 1370 3336 pretio

135 3378 182 3419 sae
193 3367 265 3419 beati
279 3367 385 3434 ligerici
398 3367 565 3419 contessoris
577 3366 675 3417 Christi
689 3366 822 3434 originem
835 3365 948 3434 verbis]
962 3380 1072 3420 sumere
1092 3368 1127 3421 ab
1139 3368 1372 3424 antecedentibus

134 3466 270 3532 episcopis
283 3479 327 3518 res
340 3467 398 3532 ipsa
407 3466 671 3532 postulat‚quatinns
684 3465 855 3518 enucleatius
865 3466 975 3519 miseria
986 3471 1013 3519 et
1026 3468 1215 3521 misericordia
1225 3468 1370 3535 clarescat,

134 3563 243 3617 miseria
257 3564 285 3616 in
298 3565 398 3631 populo
411 3568 476 3617 tunc
488 3565 619 3630 temporis
630 3564 819 3630 delinquente,
828 3565 1015 3618 misericordia
1028 3579 1090 3618 cum
1098 3566 1203 3632 judicio
1213 3566 1243 3620 in
1255 3569 1370 3623 bomino
1384 3567 1408 3621 b

134 3664 297 3730 corrigente.
311 3665 376 3716 Nam
389 3668 417 3717 et
436 3664 471 3716 de
492 3664 551 3730 ipso
572 3664 686 3716 Domino
708 3663 843 3729 scriptura
855 3677 936 3716 verax
957 3664 1090 3730 loquitur,
1112 3665 1179 3731 quia
1200 3667 1373 3722 vulneratet

133 3762 268 3827 medetur,
287 3762 439 3828 percutitet
453 3775 551 3814 manus
561 3763 620 3827 ejus
632 3767 739 3815 sanant.

164 3942 258 3995 Num,
273 3943 299 3994 1,
314 3969 343 3979 -
357 3946 365 3980 r
379 3942 501 4001 (Gratum
515 3967 547 3977 -
559 3940 595 4003 et)
606 3951 665 3992 om.
681 3942 704 3992 1.
719 3944 770 3979 -2
781 3939 809 4003 (i.
824 3942 858 4003 c.)
871 3940 954 3993 irater
966 3941 1108 3993 carissime
1121 3943 1146 3994 1.
1163 3969 1190 3979 -
1204 3944 1219 3982 ³
1236 3944 1276 4000 ⁴ad
1288 3957 1373 3999 orna·

136 4029 229 4077 menta
240 4027 265 4078 q,
279 4052 311 4060 ..
322 4029 334 4063 r
346 4023 480 4089 repletum
493 4024 518 4075 2.
543 4051 571 4059 -
592 4025 660 4087 ⁵(m.
674 4026 710 4089 g.)
724 4036 748 4088 g.
762 4036 799 4074 m.
815 4024 839 4075 t.
858 4051 887 4059 -
898 4028 910 4061 ⁶
921 4026 955 4088 (v.
974 4025 1010 4088 p.)
1022 4037 1048 4089 p.
1065 4037 1090 4077 v.
1109 4025 1134 4077 1.
1150 4052 1180 4062 -
1193 4029 1205 4065 ⁷
1218 4025 1335 4082 lascivia
1350 4032 1374 4084 1.

134 4136 167 4146 -
178 4112 190 4148 ⁸
202 4105 359 4160 rationabili
372 4107 396 4159 1.

166 4191 261 4245 Num.
274 4190 306 4244 2.
320 4193 372 4229 -1
385 4191 415 4253 (i.
430 4189 460 4253 i.)
471 4200 529 4242 om.
546 4191 568 4243 1.

168 4357 203 4423 (1)
216 4358 252 4408 lix
265 4354 408 4408 codicibus
422 4355 502 4407 117111
513 4353 549 4420 (1)
560 4357 587 4405 et
600 4355 677 4407 illibi
692 4354 736 4420 (2).
