3082 5498
200 337 293 387 aran.
313 337 396 385 har.
415 335 531 395 runis.
554 356 596 366 -
612 337 764 385 333333.
785 336 831 383 nn
848 336 926 385 con.
946 339 981 386 n.
1001 341 1036 387 A.
1055 335 1131 387 ano.
1226 323 1289 389 501

53 509 137 560 inter
150 505 219 558 baec
232 509 325 571 ageret
342 503 424 556 anxio
435 503 519 555 corde
540 503 692 569 cogitabam
707 509 733 555 ct
753 508 846 554 tumen
859 515 922 554 mox
943 502 996 554 tide
1011 503 1057 556 bei
1076 502 1233 568 compulsus
1244 511 1295 568 est,

53 605 216 660 secuudum
229 603 397 656 voluntatem
410 602 498 654 Christ
512 601 639 663 famulae,
652 603 775 654 notitiam
786 603 871 667 ipsam
881 601 916 654 de
927 604 1019 667 paucis
1029 615 1059 653 ac
1070 600 1184 654 modicis
1196 603 1295 667 culpis,

55 705 139 774 quod
152 710 273 771 gesserat
285 700 386 754 famula
398 701 506 766 Christi,
520 700 603 754 irater
615 701 673 766 ipse
694 702 866 767 conscripsit,
879 708 905 753 et
918 713 1008 753 coram
1022 700 1113 752 multis
1125 700 1296 753 adstantibus

52 804 93 857 de
105 814 225 870 quorum
239 799 369 867 religione
381 798 449 850 nihil
469 798 639 863 dubitaturi,
652 798 735 851 anulo
747 812 796 851 suo
810 799 955 866 sigillatum
969 812 1052 863 supcr
1065 803 1158 850 saneto
1168 802 1181 844 8
1193 798 1290 851 altario

17 908 38 959 ὕ
58 903 117 956 sub
132 901 193 954 velo
207 900 307 966 posuit,
321 904 348 951 et
360 899 432 951 bene
445 896 573 951 omnibus
586 896 766 951 diebusanno
777 897 837 964 ipso
847 911 895 964 pro
908 896 1045 951 abluenda
1058 901 1168 962 peccata
1180 896 1296 950 ancillae

58 1002 109 1055 bei
123 1003 177 1063 ileo
190 999 334 1051 missarum
348 996 510 1050 sacrificium
520 999 534 1039 9
545 996 644 1049 obtulit
656 997 698 1049 vir
712 997 777 1063 ipse
786 999 841 1049 bei.
855 997 958 1049 Ancilla
970 1009 1080 1063 quoque
1098 996 1196 1048 Christi
1209 994 1232 1037 ¹⁰
1248 1009 1296 1063 per

59 1105 170 1154 tantum
184 1112 214 1151 se
226 1098 255 1150 in
267 1097 387 1149 lacrimis
408 1094 523 1157 addixit,
537 1097 565 1148 in
583 1097 705 1161 iejuniis,
719 1096 747 1148 in
769 1096 867 1163 vigiliis
879 1097 980 1149 sanetis
999 1108 1098 1160 corpus
1116 1108 1196 1147 sunm
1209 1108 1297 1148 mace·

59 1211 129 1253 rans
141 1204 168 1249 et
178 1197 350 1263 elemosynas
371 1194 484 1260 iaciens,
500 1201 526 1247 et
535 1195 586 1247 sub
600 1194 685 1248 ardua
699 1195 865 1261 paenitentia
878 1195 1041 1248 constrinxit
1055 1208 1084 1246 se
1094 1193 1127 1245 ¹¹.
1141 1197 1222 1262 Cujus
1236 1208 1296 1261 pre·

60 1299 143 1352 31133
155 1309 211 1350 333
232 1295 350 1361 dispexit
360 1293 383 1335 ¹²
405 1293 495 1347 divina
507 1293 532 1334 ¹³
544 1294 739 1359 omnipotentis
753 1296 798 1348 bei
811 1294 835 1335 ¹¹
847 1297 942 1348 uirtus.
955 1299 1021 1348 Nam
1035 1297 1210 1364 perexplicito
1223 1308 1297 1348 anno

10 1400 45 1454 Ιθ
61 1396 152 1464 ipsius
165 1396 252 1462 spatio
263 1394 297 1456 ¹⁵,
310 1393 502 1460 praesentibus
514 1393 580 1445 viris
591 1394 795 1447 venerabilibus
808 1396 921 1447 summis
932 1395 955 1435 ¹¹¹
967 1397 1064 1448 Christi
1078 1396 1263 1449 sacerdotibus
1273 1394 1297 1435 11

60 1508 194 1565 germano
208 1506 257 1548 suo
270 1500 297 1547 et
310 1493 401 1547 nobile
424 1493 480 1545 viro
493 1491 629 1545 Gistoahlo
642 1494 750 1557 abbate,
764 1495 811 1560 qui
834 1507 908 1547 nunc
929 1508 992 1547 ecce
1011 1498 1064 1548 beo
1083 1497 1197 1561 jubente
1209 1495 1297 1547 adbuc

62 1600 225 1662 supersunt,
239 1593 334 1647 notitia
355 1594 413 1659 ipsa
425 1592 459 1645 de
471 1605 555 1657 super
567 1592 664 1644 altario
686 1596 779 1645 sancto
792 1592 879 1645 lerata
901 1601 951 1659 est,
964 1595 1011 1647 ubi
1025 1595 1134 1648 lucrant
1148 1601 1212 1648 ante
1224 1606 1298 1647 anno

61 1701 177 1764 peecata
190 1694 306 1747 ancillae
319 1693 365 1746 bei
379 1693 542 1757 conscripta.
557 1692 642 1754 Quam
655 1693 777 1744 notitiam
791 1692 922 1759 praedicti
935 1695 984 1747 riri
998 1697 1082 1748 saneti
1096 1696 1223 1748 sollerter
1234 1706 1297 1747 con-

62 1797 226 1861 spexerunt,
237 1797 264 1845 et
278 1789 395 1859 sigillum
406 1790 481 1843 anuli
495 1791 523 1842 in
534 1791 628 1842 notitia
639 1791 696 1855 ipsa
706 1797 932 1858 recognoverunt.
944 1796 1017 1856 Quae
1027 1795 1122 1847 notitia
1133 1807 1193 1847 mox
1204 1798 1297 1859 aperta

61 1894 107 1948 uel
119 1895 208 1947 soluta
231 1901 281 1946 est.
295 1893 424 1945 intentus
442 1897 485 1943 est
504 1890 596 1943 subito
609 1904 790 1958 pergamenus
812 1892 880 1958 ipse,
893 1895 939 1960 qui
962 1898 1113 1947 atramento
1126 1895 1298 1959 conscriptus

62 1995 163 2058 morat,
176 1992 255 2059 quasi
267 1991 337 2043 nivis
358 1994 404 2043 aut
416 1989 482 2042 solis
494 1989 614 2043 candore
637 1991 679 2042 rel
693 1991 839 2057 splendore
851 1992 989 2060 refulgens
1001 1997 1028 2045 et
1048 1993 1125 2059 quasi
1146 2005 1295 2059 numquam

63 2094 163 2146 luisset
186 2092 302 2157 scriptus
324 2090 419 2142 litteris
440 2094 593 2142 atramento
605 2089 639 2142 ¹8.
652 2090 703 2142 Sed
730 2091 781 2142 ista
799 2090 884 2156 iudex
905 2097 999 2145 noster
1022 2093 1146 2144 Christus
1166 2091 1299 2144 Dominus

63 2192 179 2257 iecerat,
199 2191 331 2257 quiajam
343 2189 459 2242 ancillae
471 2200 536 2241 suae
557 2189 651 2255 culpas
663 2196 838 2254 peccatorum
860 2190 1010 2258 dimiserat,
1024 2197 1054 2243 ut
1073 2193 1144 2243 sicut
1154 2196 1217 2244 ante
1236 2204 1299 2244 eon·

62 2297 188 2358 spectum
202 2304 282 2343 suum
295 2294 420 2342 sanctum
432 2289 488 2354 jam
507 2288 622 2342 ancillae
635 2302 700 2341 suae
714 2289 845 2342 [lominus
858 2291 998 2343 dimiserat
1006 2291 1109 2356 culpas,
1121 2291 1159 2342 sic
1170 2290 1197 2331 ¹9
1207 2291 1299 2342 simili·

10 2392 48 2447 Ι
69 2396 115 2445 ter
129 2390 197 2443 etin
219 2401 382 2456 pergameno
391 2385 417 2428 ²⁰
429 2393 492 2440 ante
503 2387 630 2440 homines
652 2400 708 2440 non
730 2389 894 2443 retineretur
913 2391 1083 2456 conscriptus
1097 2390 1162 2442 reati
1176 2396 1303 2455 peccatus

65 2490 185 2544 ancillae
198 2501 274 2549 suae,
287 2492 315 2540 et
326 2487 400 2554 quod
412 2494 475 2539 ante
488 2487 582 2539 oculos
592 2487 656 2553 insti
667 2486 769 2553 judicis
776 2489 832 2554 jam
846 2501 901 2541 non
914 2490 1011 2553 stabat,
1024 2502 1115 2555 neque
1128 2495 1191 2541 ante
1203 2491 1298 2543 oculos

66 2591 363 2652 bumanosappareret
381 2586 409 2637 in
423 2585 521 2651 pagina
542 2586 723 2650 conscriptus.
738 2589 807 2638 Ecce
828 2587 896 2640 ildes
916 2589 1032 2640 ancillae
1059 2589 1103 2640 bei
1122 2593 1205 2654 atque
1217 2588 1304 2640 oratio

67 2693 173 2756 quanta
187 2687 346 2752 promeruit,
360 2690 390 2738 ut
410 2683 476 2737 dum
489 2685 517 2735 in
539 2685 712 2738 consessione
733 2684 875 2754 plangens,
890 2692 1061 2753 peccatorum
1085 2700 1196 2739 suorum
1216 2686 1304 2738 indul·
1372 2711 1374 2714 >

68 2787 192 2857 gentiam
204 2786 232 2838 in
245 2787 296 2838 boc
307 2785 418 2838 saeculo
429 2784 519 2836 adhue
532 2783 626 2856 virens
637 2792 825 2852 cognosceret,
840 2793 868 2838 ut
880 2791 984 2839 tantum
994 2785 1019 2826 11
1033 2791 1106 2839 certa
1116 2787 1173 2852 jam
1186 2792 1257 2838 esset
1268 2785 1303 2838 de

10 2886 55 2943 Ξ
69 2887 148 2955 regni
171 2885 351 2949 habitatione,
371 2884 418 2937 ubi
439 2883 584 2951 gaudendo
606 2891 741 2952 regnaret,
760 2889 863 2951 quanto
874 2887 930 2952 jam
952 2887 1055 2939 sciehat
1075 2889 1158 2939 abeo
1180 2899 1228 2937 sua
1247 2887 1302 2952 jam

70 2987 183 3039 dimissa
194 2991 312 3051 peccata.

103 3082 177 3137 1a.1
196 3085 255 3136 hlio
273 3096 382 3150 quoque
396 3090 517 3149 tempore
538 3084 671 3149 quaedam
685 3084 775 3150 puella
788 3085 882 3137 humili
893 3096 905 3136 2
918 3086 963 3138 bei
983 3086 1080 3151 spiritu
1096 3086 1128 3138 ad
1146 3086 1300 3138 beatissima

70 3184 199 3238 ancillam
209 3182 284 3235 sire³
292 3182 326 3234 ad
337 3183 572 3235 conversationem
580 3183 655 3235 venit
664 3183 754 3236 bona¹
764 3201 771 3248 ;
782 3197 864 3250 quem
874 3183 920 3235 1113
930 3183 1084 3236 amabiliter
1093 3184 1221 3248 suscepit.
1233 3187 1300 3236 bum

57 3289 162 3356 ⁴autem
176 3296 291 3349 paucum
311 3289 418 3348 tempus
439 3283 467 3334 in
486 3283 621 3349 religione
642 3283 670 3334 in
693 3285 857 3337 monasterio
879 3285 1012 3336 habitaret
1033 3290 1059 3336 et
1082 3284 1302 3349 honisoperibus

10 3381 56 3436 R
71 3383 177 3436 intenta
190 3390 272 3448 esset,
285 3383 374 3435 subito
389 3389 449 3449 post
460 3382 562 3435 diaboli
575 3383 753 3447 cogitationes
766 3384 897 3449 pessimas
909 3384 1079 3436 adtractata⁵
1092 3392 1133 3436 est
1147 3401 1153 3436 :
1170 3397 1232 3436 nam
1246 3396 1302 3436 non

71 3483 180 3535 volebat
195 3495 307 3535 manere
329 3484 356 3534 in
369 3482 543 3534 monasterio.
559 3481 678 3545 Quadam
692 3496 756 3535 vero
769 3483 813 3536 die
826 3484 917 3535 furtim
939 3483 973 3535 de
986 3484 1196 3550 congregatione
1208 3491 1300 3535 sancta

71 3580 177 3648 fugivit,
191 3588 219 3632 et
230 3581 320 3632 statim
332 3581 421 3645 coepit
440 3592 549 3632 vexare.
564 3582 648 3643 Quem
662 3593 770 3633 sorores
783 3589 945 3634 trementem
959 3581 1217 3648 comprehendunto
1228 3590 1255 3634 et
1267 3582 1300 3634 ad

72 3677 295 3734 monasterium¹
308 3680 466 3748 pugnabant
479 3678 631 3745 reducere;
645 3679 691 3731 sed
714 3694 769 3732 non
783 3681 921 3748 potebant,
937 3681 999 3747 quia
1021 3681 1131 3747 spiritus
1144 3681 1301 3733 immundus

71 3779 151 3833 ratde
163 3793 224 3832 eam
238 3781 391 3846 torquebat.
405 3780 480 3843 Quod
494 3778 559 3831 dum
573 3793 628 3831 non
642 3786 788 3844 potuerunt
800 3793 860 3832 eam
874 3785 976 3846 tenere,
991 3780 1105 3832 funibus
1117 3780 1299 3847 1333331133-

10 3872 56 3932 U
69 3886 181 3933 verunt.
203 3881 297 3942 Qrtaee
308 3893 369 3931 cum
384 3879 450 3931 vidit
463 3878 562 3930 ancilla
583 3879 679 3929 christi
698 3883 753 3930 tam
773 3879 847 3947 gravi
861 3890 949 3944 poena
970 3891 985 3930 3
999 3879 1043 3930 bei
1063 3877 1236 3931 ordinatione
1249 3883 1302 3932 tor·

68 3982 147 4048 queri
160 3976 194 4043 ¹⁰,
208 3979 297 4031 statim
308 3992 337 4031 se
350 3977 384 4032 ad
396 3979 549 4031 orationem
563 3991 626 4056 cum
638 3979 695 4030 suis
705 3979 846 4032 sororibus
857 3980 1020 4044 prosternit3
1035 3984 1063 4031 et
1074 3980 1163 4030 statim
1176 3978 1197 4018 ¹¹
1211 3980 1267 4031 suis
1280 3978 1302 4020 11

68 4200 101 4209 -
113 4170 126 4210 1
140 4169 318 4222 dubitabatur
329 4170 354 4222 1.
368 4197 400 4206 -
411 4167 424 4208 8
437 4175 609 4222 sacrosancto
621 4172 647 4221 1.
660 4197 692 4206 -
703 4168 716 4210 1
729 4174 767 4229 ti).
788 4184 824 4220 m.
844 4172 878 4233 s.)
891 4185 926 4222 m.
942 4184 963 4221 s.
979 4174 1008 4222 b.
1027 4173 1051 4223 1.
1066 4199 1098 4208 -
1112 4168 1135 4209 ¹⁰
1150 4183 1208 4223 om.
1227 4172 1250 4221 1.
1270 4198 1301 4208 -

68 4255 93 4298 11
104 4256 141 4320 (c.
158 4255 198 4319 set
219 4264 249 4304 se
269 4265 292 4304 c.
314 4252 339 4304 1.
357 4279 392 4290 -·
411 4250 434 4291 11
450 4250 573 4317 despexit
593 4255 618 4304 1.
633 4280 662 4289 -
677 4250 701 4292 ¹³
718 4252 810 4305 divine
829 4252 1006 4306 1.-11313.
1028 4255 1053 4305 1.
1067 4283 1098 4290 -
1111 4252 1136 4294 ¹5
1147 4255 1173 4317 (i.
1193 4255 1227 4317 s.)
1244 4253 1303 4318 ipso

68 4339 191 4404 spatium
203 4339 229 4389 1.
242 4364 275 4373 -
289 4333 311 4376 ¹⁶
323 4349 430 4389 summo
442 4338 468 4388 1.
484 4364 511 4373 -
527 4335 550 4376 11
562 4337 701 4389 sacerdote
714 4338 739 4390 1.
753 4365 786 4374 -
798 4335 822 4378 ¹8
836 4337 996 4389 atramentis
1014 4339 1038 4389 1.
1061 4366 1092 4373 -
1106 4335 1131 4377 19
1150 4349 1208 4389 om.
1230 4338 1255 4389 1.
1269 4365 1301 4373 -

65 4419 94 4462 2⁰
105 4419 268 4486 pergamino
281 4420 305 4469 1.
318 4416 385 4457 -11
400 4421 473 4470 tauto
486 4419 510 4469 1.

101 4503 199 4554 Num.
213 4500 263 4553 19.
278 4528 308 4537 -
324 4499 331 4538 1
346 4501 411 4551 xvii
422 4499 494 4552 add.
507 4503 530 4551 1.
542 4499 596 4540 -1
609 4500 754 4551 1113311131.
765 4505 815 4546 -3
828 4501 864 4563 (b.
876 4514 899 4551 a.
912 4503 945 4557 sl
956 4503 1142 4554 beatissimam
1156 4501 1301 4555 1133ιί311.

67 4588 127 4626 -1
143 4585 245 4636 bonam
264 4584 289 4634 1.
312 4610 342 4620 -
354 4581 368 4621 5
381 4582 515 4635 abstracta
533 4584 558 4634 1.
574 4610 602 4619 -
615 4583 629 4622 ⁰
642 4582 910 4647 comprehenderunt
932 4586 957 4637 1.
981 4613 1013 4620 -
1030 4585 1042 4623 1
1057 4584 1222 4638 monasterio
1235 4585 1258 4635 1.
1271 4611 1304 4621 -

64 4669 160 4735 ⁸ipsa
169 4668 193 4717 1.
208 4663 264 4705 -11
278 4666 362 4729 Quem
375 4666 400 4716 1.
414 4661 659 4731 -11131331131,
673 4693 705 4702 -
719 4663 741 4705 11
755 4665 842 4717 131113
857 4667 922 4718 hora
935 4668 959 4718 1.
973 4696 1001 4705 -
1016 4668 1038 4709 ¹²
1052 4668 1154 4720 sanctis
1166 4666 1239 4721 add.
1254 4668 1279 4719 1.
