3082 5498
152 115 197 180 32
493 127 619 177 aaran.
639 126 739 176 cono.
755 124 932 175 nnuman.
950 121 1032 172 aar.

152 298 297 366 sepultas
305 299 361 351 est.
370 297 449 351 Ante
457 309 547 364 quern
558 295 700 363 defleam,
710 297 881 360 antequem
890 289 1081 359 confcqiam,
1090 289 1156 343 nasi
1167 291 1243 343 ante
1254 290 1284 341 te
1290 288 1393 355 plan-

150 408 234 464 qam,
248 394 425 460 adiutorem
436 394 605 447 viduarum
619 395 648 447 et
660 392 870 461 pupillorum,
882 390 948 444 nisi
958 393 1033 444 unte
1043 391 1072 442 te
1083 384 1267 456 contirqiam
1277 386 1394 440 docem

152 496 212 547 tem
225 492 312 546 nihil
329 493 481 558 imustnm
498 504 598 559 apere,
618 492 661 544 ad
679 493 708 544 te
724 491 780 558 qni
791 489 964 557 praedicas
981 487 1136 541 neminem
1153 497 1315 554 apponere
1330 495 1388 538 cor

151 590 365 660 odaffliaentes
374 592 514 659 dividas,
521 592 563 645 ad
572 591 881 645 teodmonentemres
884 600 1066 656 pauperum
1075 598 1137 641 non
1147 583 1387 653 concupisceret

154 692 240 752 Quod
259 692 350 746 doces
370 690 527 758 efficiatur
539 703 599 758 per
620 693 657 756 te,
666 691 779 756 palem
792 689 874 756 quod
895 699 1052 742 ammones
1069 686 1267 753 compleatur
1273 695 1336 752 per
1348 685 1380 751 te,
1391 683 1422 769 t.

150 791 372 856 sanctissime‚·
391 790 474 857 qnod
491 790 630 845 cmisnlis
649 788 805 857 efficiatur
825 801 886 856 per
906 793 944 856 te,
968 786 1175 842 sanctissime.
1203 785 1306 839 Vidua
1332 784 1382 838 tibi

153 890 290 944 laborem
306 889 457 958 imponit‚·
475 887 606 957 defende
622 889 781 942 cumton
799 888 939 955 accipias
956 885 1072 954 faciem
1084 885 1243 953 potentisy
1262 885 1380 951 toquere

151 988 350 1056 imperatrici
368 1001 431 1041 non
451 987 641 1055 candescens,
661 987 716 1055 qni
738 987 873 1056 loqueris
891 986 1028 1040 creatori
1047 998 1085 1040 ac
1104 984 1222 1040 rectori
1247 983 1380 1038 mnntrnn

151 1101 214 1142 non
233 1087 465 1153 verecundans;
479 1087 603 1153 thnere
623 1086 820 1155 fiducialiter
832 1086 982 1152 potestati
1003 1085 1156 1152 terrestri,
1172 1083 1229 1152 qni
1249 1081 1380 1150 loqueris

152 1183 446 1252 confidentercaeti
465 1187 630 1250 terraeque
649 1184 845 1250 dominanti3
872 1184 995 1252 loquere
1028 1184 1177 1239 Eudoxae
1196 1195 1260 1251 pro
1289 1181 1381 1236 viduo
1395 1179 1429 1232 ta

153 1286 238 1339 male
255 1283 403 1352 patienti,
427 1283 509 1338 sicut
534 1283 670 1351 loqueris
691 1284 839 1338 ecclesiae
858 1286 984 1338 terrena
1006 1283 1161 1352 dispicere
1184 1284 1217 1336 et
1239 1280 1383 1337 caelestia

152 1384 331 1438 desiderare
353 1383 482 1437 debenti.
505 1386 576 1436 llaec
595 1384 711 1437 audiens
730 1385 772 1436 vir
791 1384 837 1436 bei
858 1385 1067 1450 chrysostomus
1093 1385 1234 1437 lohannes
1257 1394 1275 1434 a
1296 1379 1384 1443 vidua,

152 1483 322 1550 compatiens
335 1483 374 1535 illi
387 1483 547 1550 lacrimavit,
560 1483 631 1536 sicut
644 1496 727 1549 super
738 1487 869 1537 Lazarum
887 1484 1046 1536 lacrimatus
1058 1488 1099 1536 est
1110 1482 1246 1535 Christus.
1260 1483 1293 1534 Et
1309 1493 1383 1547 prac-

153 1584 227 1635 misit
239 1582 338 1637 multas
350 1595 447 1650 preces
455 1581 727 1650 admonitionemque
739 1587 874 1651 Augustae
888 1597 938 1650 pro
947 1584 1028 1636 vidua
1038 1583 1155 1637 muliere
1170 1596 1220 1650 per
1228 1581 1386 1648 Eutycbium

153 1682 387 1749 archidiaconum,
403 1683 448 1734 bei
468 1683 597 1747 amicum,
619 1696 700 1736 suurn
721 1684 882 1752 syncellum,
904 1683 986 1736 idest
1007 1683 1209 1736 cohabitantem
1227 1682 1280 1735 sibi
1294 1687 1321 1734 et
1333 1681 1383 1734 dis·
1400 1679 1429 1732 rt

154 1786 337 1848 pensatorem,
360 1794 470 1835 suavem
491 1783 579 1835 virum
601 1783 630 1834 in
653 1784 728 1836 omni
750 1797 832 1850 opere
851 1791 877 1837 et
898 1784 1036 1837 locutione
1056 1796 1088 1836 ac
1108 1783 1233 1850 mitigare
1255 1781 1388 1835 scientem

152 1879 288 1931 insaniam
302 1878 453 1931 furentium
465 1895 472 1944 ;
485 1880 616 1945 quoniam
628 1879 767 1934 dimittere
781 1894 837 1934 non
850 1887 956 1947 poterat
968 1882 1029 1933 sine
1043 1878 1205 1934 defensione
1218 1878 1351 1932 afflictam
1364 1881 1390 1930 et

152 1978 329 2042 clamantem,
344 1989 415 2043 quae
427 1977 529 2042 injuste
540 1977 696 2031 violentiam
710 1978 874 2044 patiebatur,
887 1981 935 2046 qui
948 1980 1055 2033 solebat
1075 1984 1102 2032 et
1114 1979 1275 2032 hortabatur
1295 1976 1388 2031 diutis-

152 2078 222 2129 sime
234 2088 379 2142 opprcssos
391 2077 472 2142 tueri,
486 2075 601 2129 afflictos
613 2077 747 2130 consolari
761 2079 917 2146 injustaque
936 2092 993 2132 non
1011 2078 1081 2145 fleri,
1098 2079 1146 2146 qui
1166 2079 1249 2131 etiam
1262 2077 1397 2144 cupiebat·

152 2174 278 2244 reginam
286 2187 335 2241 per
347 2176 433 2228 baum
446 2174 562 2228 feliciter
572 2188 634 2228 cum
647 2189 710 2244 rege
723 2178 821 2231 marito
830 2191 861 2230 ac
873 2177 928 2230 flio
937 2178 1081 2244 utriusque
1091 2174 1242 2230 Theodosio
1254 2176 1284 2228 in
1294 2187 1389 2241 perpe·
1404 2175 1429 2228 Ι

159 2281 237 2330 tuum
249 2287 375 2342 regnare,
389 2287 471 2340 quem
484 2276 667 2328 Theodosium
681 2277 777 2329 beatus
793 2279 932 2330 lohannes
945 2277 1086 2345 parvulum
1099 2277 1128 2329 in
1147 2275 1260 2329 nomine
1279 2280 1389 2328 sanctae

156 2373 372 2440 individuaeque
397 2375 538 2428 Trinitatis
566 2375 738 2429 sacrofonte
760 2378 899 2443 baptizans
923 2378 1072 2444 levansque
1104 2390 1138 2430 ex
1162 2389 1194 2430 eo
1218 2382 1388 2442 susceperat

151 2477 232 2527 turta
244 2474 466 2540 praeceptionem
480 2475 562 2541 igitur
574 2475 646 2527 beati
659 2476 709 2528 viri
721 2474 818 2529 adiens
832 2477 1006 2530 venerandus
1019 2477 1098 2530 levita
1112 2475 1233 2543 reginam
1253 2475 1390 2528 allocutus

155 2578 197 2628 est
208 2579 239 2626 ut
251 2573 380 2627 redderet
390 2572 498 2627 vineam
512 2573 621 2627 viduae.
635 2576 682 2627 Cui
701 2575 817 2629 faciliter
833 2577 952 2643 Augusta
965 2574 1107 2641 respondit
1121 2591 1127 2626 :
1141 2573 1318 2628 &cundum
1329 2585 1391 2627 nto·

154 2684 221 2726 rem
242 2672 415 2725 detinemus
437 2673 561 2726 vineam
577 2686 640 2740 pro
661 2688 723 2740 qua
744 2675 896 2741 loqueris3
915 2675 969 2728 sed
981 2674 1124 2727 dabimus
1137 2685 1200 2740 pro
1214 2685 1253 2726 ea
1275 2672 1391 2725 uiduae

155 2783 269 2838 aprum
281 2770 393 2824 utinm.
407 2771 549 2824 Redeunte
561 2785 626 2824 vero
639 2772 756 2826 diacono
770 2774 874 2840 absque
896 2772 994 2826 effectu
1016 2774 1055 2826 rei
1068 2778 1097 2825 et
1117 2772 1297 2825 renuntiante
1308 2770 1391 2824 verba

157 2871 278 2938 reginae,
291 2870 412 2937 perrexit
426 2874 536 2923 sanctus
553 2869 695 2924 lohannes
712 2871 746 2924 ad
766 2873 915 2938 palatium3
935 2878 962 2926 et
974 2873 1113 2940 ingressus
1129 2870 1288 2925 cubiculum
1308 2871 1394 2938 impe·

157 2969 234 3036 riate,
248 2970 420 3036 nimiumque
433 2982 481 3034 pro
494 2970 647 3023 redditione
660 2971 791 3036 praedicti
801 2972 857 3039 agri
874 2972 1025 3037 deprecans
1042 2971 1252 3036 admonensque
1273 2970 1395 3036 impera·

156 3068 263 3134 tricem,
281 3067 408 3122 obtinere
419 3067 493 3134 apud
505 3081 565 3120 eam
579 3069 647 3120 nihil
658 3071 752 3123 valuit.
765 3071 904 3123 convertit
916 3084 945 3123 se
966 3071 999 3122 ad
1020 3070 1219 3135 increpandum
1236 3082 1311 3133 eam,
1322 3069 1395 3123 dure

159 3169 269 3219 terrens
287 3165 360 3219 illam
380 3166 459 3219 malis
470 3179 542 3233 quae
554 3167 607 3233 pati
629 3167 718 3220 solent
730 3168 759 3219 in
772 3169 906 3233 praesenti
920 3175 947 3221 et
964 3169 992 3221 in
1011 3169 1102 3222 hilaro
1120 3167 1349 3234 concupiscentes
1365 3168 1429 3220 et&

159 3263 316 3318 auferentes
344 3264 448 3317 alienas
471 3278 515 3318 res
537 3282 544 3328 ;
566 3264 613 3317 scd
634 3279 683 3330 per
703 3266 770 3318 hacc
791 3266 836 3319 illa
859 3267 968 3331 mulier,
990 3272 1022 3319 ut
1042 3266 1180 3332 apostolus
1204 3266 1252 3328 ait,
1277 3266 1392 3333 profecit

159 3363 189 3416 in
206 3365 294 3431 pejus.
307 3366 430 3431 benique
451 3365 537 3418 nimio
557 3371 693 3417 commota
714 3365 807 3419 furore
828 3368 964 3432 praecepit
982 3372 1106 3420 sanctum
1124 3365 1280 3420 iohannem
1298 3365 1387 3434 egredi

158 3463 328 3517 cubiculum.
342 3464 390 3528 oui
405 3476 530 3532 egresms
552 3463 633 3516 rediit
645 3465 680 3517 ad
702 3466 916 3532 patriarchium3
936 3470 962 3519 et
972 3465 1054 3532 jussit
1075 3466 1206 3532 Eutychio
1227 3466 1325 3519 levitae
1347 3478 1385 3526 ne.

160 3574 223 3614 cum
246 3561 352 3615 veniret
375 3562 535 3628 imperatrix
559 3563 593 3615 ad
616 3563 770 3630 ecclesiam,
796 3564 900 3617 sineret
924 3577 983 3617 eam
1011 3563 1130 3617 eundem
1153 3569 1279 3617 sanctum
1301 3565 1388 3618 locum

162 3662 275 3727 intrare,
288 3662 402 3728 insuper
413 3660 518 3714 diceret
530 3667 655 3715 sanctum
666 3664 819 3716 iohannem
833 3665 884 3717 hoc
897 3664 948 3716 sibi
962 3664 1051 3717 facere
1061 3664 1185 3730 jussisse.
1200 3664 1277 3728 Quod
1296 3663 1390 3719 illesic
1402 3668 1429 3721 a

161 3762 234 3815 fecit.
248 3763 280 3814 tt
300 3760 357 3828 illa,
371 3762 466 3828 majori
487 3775 620 3815 succensa
641 3764 681 3816 ira
701 3768 783 3829 atque
805 3763 839 3816 ab
851 3776 944 3816 amore
960 3763 995 3816 ad
1013 3764 1184 3816 inimicitiam
1203 3763 1317 3816 nimiam
1331 3777 1409 3830 pro.

162 3855 247 3928 lapsa,
260 3863 410 3928 quaerebat
421 3874 454 3915 ex
466 3867 531 3916 tunc
552 3863 723 3916 occasionem
745 3863 869 3916 invenire
890 3863 1024 3915 adversus
1036 3875 1109 3930 eum,
1122 3875 1175 3929 qua
1190 3867 1282 3929 posset
1303 3864 1393 3920 facere

161 3959 363 4015 utsacerdotali
376 3961 507 4029 dignitate
519 3975 570 4028 per
578 3962 760 4028 pontificalem
771 3962 905 4028 synodum
921 3963 1040 4029 privaret
1053 3962 1131 4014 illum
1143 3966 1211 4015 etex
1227 3963 1297 4016 urbe
1310 3964 1396 4031 regali

162 4060 285 4128 pelleret.
308 4061 454 4127 instigabat
474 4062 548 4114 enim
574 4074 634 4114 eam
654 4061 835 4127 pessimarum
861 4061 1021 4114 indesinens
1040 4060 1127 4113 litium
1149 4064 1245 4114 auctor
1262 4061 1397 4131 daemon,

163 4160 322 4214 nullomodo
335 4162 474 4214 sustinens
486 4161 577 4228 fugam
589 4175 644 4215 ase
656 4162 764 4215 illorum
778 4173 848 4228 quos
860 4162 894 4214 ab
907 4162 1046 4214 erroribus
1064 4161 1137 4214 illius
1151 4162 1268 4214 Verbum
1283 4163 1332 4215 liei
1345 4174 1400 4229 pro
1415 4171 1429 4223 a

163 4256 216 4312 sua'
233 4258 419 4312 misericordia
440 4272 489 4325 per
509 4259 710 4312 sanctissimum
727 4261 815 4311 virum
827 4261 1051 4326 chrysostomum
1073 4259 1225 4312 iohannem
1247 4273 1402 4331 segregans

164 4355 366 4411 ferventissimo
379 4357 431 4410 sibi
444 4370 537 4411 amore
549 4357 694 4424 copulabat
705 4357 747 4412 vel
759 4358 942 4425 copulaverat.
