3076 5498
265 313 333 378 290
611 329 736 380 curun.
756 329 858 379 cono.
878 329 1054 380 naamon.
1073 330 1157 380 nur.

265 498 419 563 tenebrosa,
433 510 464 549 ac
478 497 623 550 tumefacta
636 499 722 551 maria
735 499 855 551 excelsos
868 497 1004 551 tolluntur
1016 498 1044 550 in
1057 504 1175 552 montes.
1189 497 1273 563 cujus
1284 498 1323 550 rei
1341 503 1455 550 causatu·
1527 514 1530 519 <

266 610 424 650 nosomnes
437 599 573 650 maximus
594 599 676 650 timor
698 599 842 650 invasisset
863 604 890 650 et
911 605 1023 663 tremor,
1036 597 1102 650 dum
1125 596 1282 650 videremus
1301 591 1459 649 nosiuuonb
1528 642 1530 646 .

264 695 422 748 discrimine
441 698 614 761 constitutos,
633 698 710 762 Juxta
731 696 913 751 Herculanum
939 697 1079 763 oppidum,
1102 696 1176 762 quod
1195 696 1252 760 jam
1274 696 1338 760 ruit,
1351 692 1461 747 ruderibus
1526 727 1529 731 -

154 804 164 823 ·
189 801 195 813 ·
213 839 220 855 ,
266 794 463 859 apparentibus
476 795 572 848 subtus
586 807 681 862 aquas,
694 794 728 847 ad
751 795 815 847 litus
837 796 977 861 Bayauos·
991 794 1162 859 devenimus,
1176 800 1203 846 et
1217 794 1325 846 nodatis
1337 790 1463 846 ruderibus

267 894 456 947 mandavimus
469 894 573 961 alligari
585 895 685 960 galeas,
699 896 764 961 quia
777 895 891 948 nubium
905 895 1020 948 obscura
1033 894 1177 961 congeries
1188 894 1218 945 iu
1236 893 1386 959 plumarum
1402 881 1487 955 copiisl

265 993 398 1046 dissoluta
411 999 439 1046 et
450 994 578 1047 concitati
592 993 690 1051 fluctus
703 1007 718 1046 a
731 995 820 1046 ventis
832 993 939 1047 molesti
952 993 1102 1060 plurimum
1115 993 1195 1046 nobis
1215 997 1303 1045 eraut.
1317 991 1376 1045 ideo
1390 995 1464 1043 mum

266 1073 462 1147 descendimus
474 1098 502 1147 et
513 1094 585 1146 diem
599 1095 698 1147 iestum
712 1094 867 1147 natalitium
879 1091 1028 1147 salvatoris
1039 1093 1212 1146 decrevimus
1222 1094 1259 1146 ibi
1268 1093 1298 1145 iu
1310 1087 1465 1146 subterraneis

264 1193 385 1258 antiquis
404 1193 520 1259 palatiis,
534 1194 647 1247 vetustis
672 1194 789 1254 nimium
808 1199 834 1245 et
854 1193 890 1246 ab
910 1191 978 1245 olim
989 1205 1075 1259 opere
1096 1193 1203 1246 musivo
1215 1192 1364 1258 plurimum
1374 1187 1462 1257 spousi,

265 1291 410 1345 devotione
422 1305 476 1359 qua
489 1297 549 1345 erat
560 1293 729 1346 conveniens
741 1292 890 1345 celebrare.
907 1294 915 1343 l
920 1299 961 1345 ter
972 1296 1065 1344 tamen
1078 1297 1204 1345 nostrum
1217 1291 1345 1344 salutaris
1362 1284 1462 1356 pmpositi

265 1392 394 1456 prosequi
408 1392 559 1456 cupientes,
573 1390 700 1458 rogabam
714 1398 746 1442 ut
756 1390 790 1442 ad
803 1403 853 1442 nos
865 1389 963 1442 dilecta
975 1389 1131 1442 intenderet
1142 1395 1169 1441 et
1180 1395 1285 1442 astaret
1302 1389 1358 1442 suis
1373 1381 1462 1440 consiliii
1473 1377 1493 1428 ιθ
1526 1417 1530 1430 .·

266 1493 294 1540 et
305 1489 414 1541 auxiliis
427 1489 601 1556 opportunis,
615 1495 641 1542 et
654 1494 754 1541 statum
767 1490 863 1556 inquo
884 1489 988 1555 pariter
1001 1496 1067 1541 tunc
1090 1501 1200 1542 eramus
1217 1501 1250 1541 ae
1272 1488 1379 1555 spiritus
1393 1482 1461 1539 amitt
1528 1542 1530 1545 .

265 1588 325 1652 piae
337 1589 533 1642 consolationis
545 1588 633 1641 officio
646 1588 755 1642 dulcius
767 1588 914 1652 solaretur,
927 1593 954 1640 et
966 1588 1157 1640 imminentem
1169 1592 1357 1654 tempestatem
1368 1577 1461 1639 evacuati
1525 1638 1530 1645 ,

263 1687 371 1754 iaceret,
388 1688 523 1755 nobisque
544 1693 652 1753 pararet
664 1693 770 1753 tempus
792 1687 958 1755 navigationi
979 1687 1178 1753 acceptumst
1198 1687 1292 1740 statim
1313 1691 1372 1741 voto
1388 1688 1460 1751 perat

265 1799 327 1839 cum
340 1787 485 1841 devotione
497 1789 608 1852 emisso,
622 1788 728 1840 marina
740 1793 889 1854 tempestas
901 1787 1012 1840 evanuit
1024 1792 1051 1838 et
1065 1799 1112 1839 aer
1121 1787 1246 1854 undique
1256 1791 1392 1840 serenatus
1401 1785 1460 1836 vestet
1522 1809 1526 1814 ·

265 1887 338 1939 exuit
358 1894 386 1939 et
405 1888 534 1954 deposuit
555 1887 705 1941 nubilosos.
730 1889 798 1940 bum
820 1899 884 1939 vcro
906 1886 941 1939 de
962 1889 1057 1938 nostro
1079 1891 1259 1939 tractaremus
1284 1899 1396 1950 recessu,
1411 1868 1488 1934 citt¹⁸
1517 1903 1530 1940 ι.

264 1985 384 2038 mediam
398 1987 537 2040 secundae
562 1987 763 2039 sacratissimae
775 1987 864 2039 noctis
876 1986 971 2038 boram
984 1985 1023 2038 iui
1036 1998 1085 2050 per
1095 1985 1221 2038 velocem
1233 1998 1371 2040 cursorem
1382 1983 1458 2036 vcubi
1518 2003 1530 2037 τι

263 2091 294 2138 ut
305 2084 424 2138 redirem
446 2086 589 2139 confestim
611 2093 638 2138 et
659 2090 752 2138 natum
775 2084 820 2136 illa
841 2085 885 2138 die
907 2083 992 2136 tilium
1012 2084 1118 2150 regium
1130 2082 1166 2136 de
1177 2097 1257 2137 sacro
1271 2084 1345 2137 ionte
1363 2083 1457 2134 tenreu·
1524 2133 1527 2136 .

263 2186 374 2238 Gratum
387 2191 453 2238 tunc
466 2186 516 2238 iuit
536 2186 603 2238 mibi
624 2185 851 2251 impedimentum
873 2185 1004 2250 temporis
1017 2188 1045 2236 et
1067 2183 1191 2251 largitlua
1204 2183 1317 2238 bonitas
1336 2176 1457 2237 utramuis,
1520 2213 1523 2217 ι

264 2297 334 2350 quae
347 2286 400 2337 nisi
412 2285 552 2338 cumulum
571 2284 727 2337 dilectionis
744 2283 901 2350 amplificet,
914 2283 1069 2337 delictionis
1090 2296 1120 2336 se
1136 2288 1215 2349 putat
1232 2282 1381 2337 defectibus
1397 2275 1458 2340 sulii·
1517 2304 1526 2334 :-

264 2395 344 2449 cere;
359 2384 437 2448 cujus
450 2383 586 2448 precibus,
600 2388 631 2435 ut
645 2382 728 2435 credo
742 2381 865 2448 tirmiter,
879 2382 998 2436 invaluit
1015 2382 1164 2436 adversitas
1182 2387 1209 2436 et
1227 2384 1355 2449 cessavit,
1366 2387 1393 2434 ιιι
1408 2359 1488 2431 sucu!
1524 2406 1529 2411 ·

264 2481 425 2548 baptismate
439 2487 647 2550 regeneraretur
660 2481 731 2534 tilius
744 2482 914 2548 regiusinter
926 2482 1044 2535 humiles
1056 2494 1156 2535 manus
1168 2495 1254 2548 meas,
1266 2496 1330 2536 cum
1340 2471 1460 2547 superesset

262 2581 328 2635 satis
340 2583 471 2648 temporis
483 2583 589 2635 itineris
603 2580 827 2647 percomplendi;
842 2588 869 2633 et
880 2595 943 2634 cum
953 2595 987 2633 ex
999 2583 1123 2648 opposito
1133 2583 1242 2635 vicinus
1254 2583 1321 2635 satis
1331 2592 1409 2635 aeseru
1417 2577 1460 2626 bii
1518 2601 1527 2633 ·.·

263 2682 429 2734 monasterio
442 2682 610 2747 cassinensi,
626 2681 740 2732 memini
753 2681 871 2746 qualiter
883 2680 1049 2733 Scholastica
1063 2680 1203 2747 quondam
1217 2682 1295 2749 virgo
1313 2673 1459 2734 sacratissimi

267 2793 316 2844 pro
329 2780 475 2833 benedicto
496 2781 580 2833 fratre
601 2793 650 2832 suo
663 2780 835 2844 inopinatum
855 2779 973 2832 imbrem
986 2781 1147 2846 promeruit,
1161 2780 1195 2832 ad
1209 2781 1289 2847 cujus
1306 2781 1386 2832 instar
1401 2763 1458 2828 stolii

262 2879 427 2932 beneficium
443 2879 599 2932 dilectricis.
1466 2850 1488 2907 ¹

345 3123 346 3127 ι
391 3106 395 3112 ·
447 3080 686 3141 nemis-acuto
701 3081 795 3140 racto
810 3078 926 3140 actori
940 3078 978 3139 in
992 3078 1117 3152 plagia
1130 3082 1308 3140 nomana.

296 3275 327 3327 3.
340 3275 508 3329 adveniente
521 3289 585 3330 vero
597 3276 642 3328 die
655 3276 740 3328 altera
753 3275 865 3340 mensis,
879 3280 954 3328 sexto
972 3273 1103 3327 kalendas
1119 3273 1256 3340 eiusdem,
1271 3273 1301 3325 iu
1320 3271 1361 3325 sui
1378 3257 1459 3334 iuletiil
1526 3292 1530 3324 ;

263 3374 352 3427 lucida
373 3375 504 3442 claritate,
526 3388 575 3441 per
596 3375 678 3427 tubae
699 3375 820 3427 sonitum
841 3375 1021 3440 reassumptis
1040 3373 1199 3426 omnibus
1192 3386 1221 3425 ru
1242 3373 1342 3439 paleas,
1363 3380 1408 3421 nos
1422 3358 1458 3415 ιιι

263 3462 357 3542 pelago
369 3476 571 3528 committentes
591 3481 618 3526 et
639 3488 687 3539 per
699 3476 823 3541 quinque
843 3473 903 3527 dies
923 3475 1070 3527 continuos
1091 3485 1225 3539 prospere
1236 3473 1400 3540 navigautoe,
1410 3463 1460 3518 stili

262 3573 317 3637 die,
330 3572 458 3626 videlicet
469 3572 621 3625 kalendas
611 3573 730 3638 januarii
744 3573 902 3626 bominicae
914 3571 1143 3638 circumcisionis,
1154 3571 1306 3624 nativitatis
1317 3574 1414 3628 octavo,
1421 3539 1495 3634 aad„

258 3671 394 3723 secundas
416 3672 519 3737 vigilias
539 3672 573 3723 ab
594 3669 703 3736 Eneydo
725 3676 816 3737 portu,
829 3684 862 3723 ex
881 3670 958 3722 urbis
971 3669 1108 3736 opposito,
1122 3670 1151 3721 iu
1163 3668 1252 3736 plagia
1265 3669 1337 3722 dicta
1357 3668 1462 3719 nonant

258 3771 443 3837 discessimus,
457 3786 519 3826 cum
532 3786 647 3826 serenus
660 3785 707 3825 aer
719 3773 800 3826 nobis
817 3772 1012 3840 navigantibus
1023 3772 1167 3824 arrideret.
1181 3769 1235 3824 Sed
1247 3769 1316 3823 dum
1333 3771 1466 3836 putaremus

257 3871 329 3924 felici
342 3862 469 3938 navigare
487 3885 643 3939 progressu,
657 3872 715 3923 iere
736 3877 795 3935 post
817 3872 867 3923 tria
888 3871 1016 3936 miliaria,
1029 3871 1096 3923 dum
1108 3882 1230 3936 aequora
1248 3869 1332 3935 plena
1344 3863 1468 3920 securitate
1523 3848 1530 3949 ξ

257 3970 404 4035 sulcarent,
418 3972 559 4037 cujusdam
581 3971 670 4023 rabies
692 3971 860 4035 tempestatis
873 3968 989 4023 obduxit
1008 3982 1111 4022 aerem.
1125 3969 1175 4033 Qui
1193 3981 1256 4022 cum
1274 3975 1348 4021 esset
1364 3971 1471 4022 serenus
1526 3954 1530 3997 ¹·

257 4075 298 4122 est
318 4070 407 4124 subito
428 4071 515 4124 iactus
535 4072 612 4137 alter,
627 4076 653 4123 et
674 4069 750 4122 caelo
772 4069 890 4122 obducto
904 4069 1034 4135 nubibus,
1047 4069 1155 4121 marina
1175 4067 1343 4135 tempestas
1335 4080 1365 4119 m
1382 4034 1530 4118 uostrtffl

256 4168 347 4233 galeas
360 4168 448 4233 irruit,
462 4181 532 4235 quae
543 4169 699 4234 patentibus
720 4167 849 4232 perieulis
861 4165 945 4219 biduo
958 4165 1125 4232 perduravit.
1138 4167 1205 4218 Natu
1219 4166 1335 4218 robusta
1347 4167 1477 4216 ventorum

256 4268 389 4319 acerbitas
401 4267 549 4331 spiramine
562 4266 647 4318 multo
661 4251 778 4331 prosiliit
789 4265 824 4315 ab
837 4277 900 4316 aere
918 4263 1033 4331 liquido,
1047 4265 1197 4318 serenitate
1215 4263 1345 4330 depulsa,
1359 4269 1387 4316 et
1402 4258 1480 4314 ventu
1528 4304 1530 4337 Ι

256 4367 482 4432 exasperantibus
494 4365 694 4418 extollebantur·
706 4365 796 4416 variae
810 4363 992 4430 summitates,
1005 4363 1117 4417 crebras
1129 4375 1241 4430 spumas
1255 4367 1416 4416 eructantes
1428 4360 1483 4412 binc

255 4464 329 4530 inde,
343 4472 373 4517 ut
384 4465 458 4530 ipsae
470 4465 565 4532 galeae
577 4477 652 4516 nunc
665 4464 816 4528 periculosa
837 4462 893 4514 ima
906 4462 1047 4528 profundi,
1060 4475 1136 4515 nunc
1147 4461 1289 4516 undamm
1303 4460 1485 4514 inflationibus

254 4562 374 4617 elevatae
386 4562 555 4629 perductus,
569 4569 695 4629 peterent
706 4567 850 4617 montuosa
862 4562 1006 4616 cacumina
1026 4560 1224 4628 procellarum,
1248 4551 1520 4627 deperieruutquel
