3076 5498
262 347 357 397 amu.
376 347 457 398 nur.
477 343 594 397 vanis.
614 366 657 376 -
674 344 827 397 maruno.
846 347 893 397 ab
909 346 987 398 coo.
1007 347 1044 398 rr.
1062 349 1097 399 n.
1116 346 1177 399 311.
1271 331 1336 402 451

132 516 262 568 Narratio
274 515 309 569 de
321 516 436 585 angelis.

132 617 173 667 be
185 616 290 682 majore
302 616 386 668 altare
398 628 414 668 a
426 618 481 668 beo
494 621 520 667 et
532 614 636 682 angelis
648 612 785 692 dedicato.

134 716 173 766 be
185 714 350 781 quibusdam
362 714 576 768 revelationibus
589 719 616 765 ct
628 712 767 765 miraculis
780 723 824 766 cix
836 713 907 766 circa
919 713 1007 767 altare
1019 715 1107 768 sactis.

132 815 259 867 Narratio
270 813 305 867 dc
317 814 456 880 propbetis
468 818 495 865 et
505 795 601 865 sancto
613 813 738 865 iohanne
752 813 879 878 Baptista.

134 915 174 965 be
185 913 355 966 vestimentis
367 912 454 966 sancti
465 910 598 965 iohannis
612 911 757 976 Baptistae.

134 1013 174 1064 be
185 1012 277 1080 digitis
290 1011 427 1079 ejusdem.

134 1113 175 1164 be
185 1112 294 1166 ossibus
306 1112 443 1165 simeonis
453 1113 530 1178 justi.
825 1178 829 1185 .

131 1213 258 1264 Narratio
270 1212 304 1264 de
315 1216 409 1265 sancto
422 1215 499 1264 Petro
511 1209 634 1277 apostolo
647 1214 674 1263 et
685 1208 720 1262 dc
732 1208 831 1262 ceteris
843 1208 973 1275 apostolis
986 1216 1013 1264 et
1025 1212 1207 1280 evangelistis.

136 1312 177 1363 be
189 1312 284 1371 barba.
297 1311 473 1374 vestimentis,
488 1323 569 1363 cruce
583 1318 665 1375 atque
677 1309 767 1375 palma
780 1310 852 1363 beati
867 1311 937 1363 Petri
951 1313 1077 1378 apostoli.

135 1410 176 1464 be
187 1423 269 1477 capsa
284 1411 479 1477 apostolorum.

133 1508 172 1561 be
185 1516 281 1563 sancto
294 1509 377 1563 Paulo
391 1507 522 1575 apostolo.

134 1606 172 1660 bc
187 1614 282 1663 sancto
293 1609 411 1662 andrea.

134 1706 172 1759 be
184 1711 287 1762 sanctis
298 1709 399 1763 Jacobo
412 1715 440 1762 et
451 1701 577 1761 iohanne
589 1705 729 1760 iratribus.

139 1803 175 1856 bc
188 1814 281 1861 sancto
295 1809 398 1862 Thema
410 1806 543 1874 apostolo.

143 1899 177 1953 bc
189 1907 286 1959 sanctis
297 1907 399 1960 Jacobo
411 1913 438 1958 et
449 1903 585 1970 Phiiippo.

147 1997 180 2051 bs
190 2012 278 2060 sancto
292 2005 511 2059 bartholomaeo.

148 2093 178 2148 sse
189 2109 276 2157 sancto
289 2105 421 2158 iiattbaeo
433 2101 556 2168 apostolo
570 2105 597 2154 et
608 2100 784 2167 evangelista.

146 2193 179 2246 Dc
189 2205 283 2256 sanctis
296 2204 408 2257 Simone
420 2207 448 2255 ct
459 2201 539 2254 tuda.

143 2292 176 2343 be
187 2307 277 2356 sancto
290 2303 388 2355 biatbia
401 2301 522 2367 apostolo
535 2299 608 2353 etde
623 2303 709 2351 morte
722 2297 808 2351 iudae
820 2296 979 2364 proditoris.

139 2389 173 2442 fle
188 2405 280 2454 sancto
294 2403 426 2455 barnaba.

132 2487 170 2539 ⁰⁶
182 2506 282 2553 sancto
295 2504 368 2555 Luca
380 2502 554 2569 evangelista.

130 2581 161 2634 ⁰0
176 2601 279 2651 sancto
292 2602 380 2652 biarco
393 2602 559 2669 evangelista
571 2607 599 2654 et
610 2602 644 2654 cie
659 2599 837 2667 processione
849 2602 972 2654 instituta
983 2613 998 2653 a
1012 2600 1091 2654 beato
1103 2602 1243 2667 Gregorio.

130 2678 258 2751 ‘affatio
270 2699 304 2752 de
316 2699 458 2766 discipulis
470 2703 577 2754 bomini
592 2702 762 2768 septuaginta
774 2700 894 2754 duobus.
1308 2676 1310 2682 .

132 2788 275 2850 ιιθῐῐιοᾰο
287 2811 387 2864 corpus
399 2801 486 2853 sancti
500 2801 638 2854 saviniani
652 2800 813 2853 translatum
832 2800 883 2852 tuit
901 2801 929 2853 in
941 2799 1138 2853 monasterium
1151 2799 1242 2853 sancti
1256 2799 1330 2853 Petri

131 2913 138 2933 ν
160 2891 203 2937 et
217 2893 256 2948 de
268 2904 363 2952 sancto
376 2900 512 2953 victorino
526 2898 633 2966 hospite
645 2912 705 2960 suo,
719 2903 746 2951 ct
758 2899 792 2951 dc
804 2899 924 2966 quodam
937 2898 993 2953 tilio
1005 2900 1069 2953 dicti
1082 2899 1222 2952 victorini.

130 2982 140 3019 ³
162 2993 295 3049 Sutiario
309 3003 336 3051 et
348 2998 487 3052 cineribus
502 3000 587 3052 sancti
601 2998 752 3052 saviniani.

130 3079 139 3117 ³
159 3090 299 3159 corpora
312 3098 400 3149 sancti
413 3099 574 3152 potentiani.

130 3178 138 3215 ²
158 3190 298 3259 ‘³0rpore
312 3197 400 3249 sancti
413 3198 494 3250 Altini
508 3198 655 3252 salvatoris
667 3197 804 3263 discipuli.

130 3276 258 3346 “ratio
271 3296 305 3347 de
319 3297 525 3349 innocentibus.

130 3372 138 3410 ²
162 3387 345 3456 Corporibus
356 3407 386 3448 11
399 3398 578 3449 innocentum
590 3409 661 3462 quae
674 3396 816 3449 babemus.

130 3471 257 3544 '‘Patio
269 3493 303 3545 dc
316 3495 490 3560 martyribus.

130 3569 136 3603 ²
179 3573 281 3661 lapide
302 3606 365 3646 cum
387 3608 441 3660 quo
464 3596 561 3648 beatus
578 3596 733 3660 srepbanus
753 3597 937 3660 protomartyr
958 3592 1092 3660 lapidatus
1114 3593 1165 3646 tuit
1182 3594 1256 3647 etde
1273 3606 1334 3646 san-

130 3667 158 3707 e
185 3687 265 3751 Ejus.

154 3778 297 3853 “orpore
310 3791 398 3843 sancti
411 3790 522 3844 sodaldi
536 3792 674 3857 martyris.

152 3876 296 3951 etrrpore
309 3890 396 3941 sancti
408 3890 525 3942 serotini
539 3891 665 3954 martyris
679 3894 706 3942 et
719 3888 826 3940 levitae.

149 3973 276 4038 Sancto
289 3989 427 4041 Victorino
440 3990 545 4054 bospite
559 3990 645 4042 sancti
660 3987 795 4041 saviniani
809 3985 884 4038 etde
898 3984 952 4037 iilic
966 3985 1059 4050 [ejus].

146 4071 284 4137 Sanctis
297 4088 461 4154 martyribus
473 4089 619 4141 sanctiano
632 4095 658 4141 et
673 4086 835 4154 Augustino.

144 4170 283 4235 Sanctis
296 4185 385 4238 Felice
397 4192 424 4239 et
435 4188 554 4240 Aubcrto
568 4188 742 4253 martyribus.

145 4269 307 4348 '‘eliquiis
320 4286 407 4337 sancti
421 4287 569 4339 Laurentii.

147 4370 280 4434 Sancto
293 4384 443 4438 Vincentio.

144 4466 307 4544 ”eliquiis
318 4491 473 4536 sauctorum
488 4486 599 4538 Fabiani
612 4491 639 4537 et
651 4484 803 4537 sebastiani
818 4487 976 4547 martyrum.

148 4566 309 4642 ‘eliquiis
323 4583 407 4633 sancti
419 4585 538 4650 Georgii.
