3076 5498
367 323 462 374 eren.
483 323 565 375 nur.
585 323 703 374 rums.
722 344 765 356 -
780 324 934 375 urruuo.
955 325 1001 376 sn
1018 325 1096 376 oon.
1118 322 1208 375 ursa.
1364 309 1408 375 89

177 496 210 548 vt
221 492 281 561 pict
295 491 388 546 iatius
407 490 477 545 uini
494 490 712 560 amplificatio.
725 493 848 559 cumque
872 494 932 560 ejus
954 499 1100 560 praecepto
1121 492 1189 546 iilud
1212 491 1361 547 refudisset
1379 493 1407 546 in

180 607 243 648 rase
254 589 415 658 supradicto,
428 589 520 658 coepit
531 589 643 656 copiose
662 590 757 644 vinum
770 591 930 657 ministrari,
943 593 1032 658 eoepit
1043 593 1152 658 copiose
1165 592 1263 645 vinum
1287 591 1408 658 affluere,

182 697 313 758 etquauto
324 689 444 757 amplius
454 688 621 742 vacuabatur
633 688 666 742 ad
687 688 795 743 libitum
809 689 961 743 bibentium
975 688 1127 757 efferendo,
1139 694 1216 746 tanto
1229 689 1315 759 magis
1327 702 1409 758 auge·

188 794 263 846 batur
272 788 403 843 creatoris
412 790 492 856 jussu
510 793 539 842 et
554 789 653 842 virtute
665 788 857 842 redundando.
871 791 978 842 Poterat
991 802 1110 856 namque
1127 788 1200 843 istud
1221 789 1410 857 Omnipotens,

164 888 387 956 aequissima
406 890 503 943 vinum
524 888 626 942 fecerat
649 889 677 941 in
698 891 769 942 cana
783 888 913 954 Galileae‚
926 893 1034 955 poterat
1051 894 1079 941 et
1090 888 1185 942 vinum
1197 889 1231 942 de
1243 888 1307 942 vino
1321 889 1411 942 faeere

194 990 283 1042 docera
301 989 371 1042 servi
391 988 511 1054 petentis
531 993 560 1042 et
582 988 695 1042 indubia
714 988 778 1042 fide.
794 989 863 1052 Quid
885 988 986 1056 plural
1000 989 1171 1043 itiberuntut
1191 988 1269 1056 Galli,
1284 1001 1335 1042 nec
1352 999 1413 1047 erat

198 1101 304 1141 merismu
315 1089 344 1142 in
355 1087 505 1156 erogando.
519 1086 609 1141 ltultis
629 1088 727 1142 diebus
747 1101 794 1141 vas
814 1088 882 1141 illud
902 1089 1038 1143 vinarium
1060 1089 1150 1142 eonati
1170 1093 1235 1142 sunt
1245 1101 1372 1155 vacuare,
1385 1093 1412 1142 et

201 1186 376 1252 quodammodo
387 1187 451 1240 vina
463 1186 610 1240 inuncere
628 1186 792 1242 videbantur
812 1188 877 1241 dum
891 1185 1017 1242 effusioni
1039 1187 1181 1240 instarent.
1195 1187 1342 1241 crescebat
1354 1200 1410 1241 mo·

203 1283 248 1338 dita
256 1286 419 1340 benedictio¹
433 1286 526 1339 multis
537 1287 696 1340 vorantibus
708 1291 745 1353 et,
759 1289 813 1341 lieo
825 1287 988 1354 imperante,
1003 1287 1115 1341 modum
1126 1292 1240 1341 naturae
1252 1287 1408 1354 superabat.

171 1385 196 1435 ti
206 1384 351 1439 idultimum
365 1385 443 1440 finito
455 1387 577 1450 servitio,
587 1399 640 1441 nee
648 1387 794 1442 imminuto
806 1387 881 1455 vino,
889 1400 939 1441 rex
949 1387 1082 1442 miraculo
1094 1388 1272 1455 stupefactus,
1282 1387 1409 1454 episeopo

206 1483 341 1552 humiliatus,
356 1489 441 1540 licum
463 1486 491 1540 in
512 1488 571 1554 ipso
583 1493 743 1554 veneratus,
756 1488 858 1556 regiam
880 1487 1002 1542 ostendit
1023 1489 1185 1557 largitatem,
1197 1494 1225 1541 et
1246 1487 1409 1554 quirinum

207 1585 288 1640 tirtutis
300 1589 414 1653 biberat,
428 1588 523 1642 vineas
535 1592 562 1641 et
573 1589 760 1654 possessiones
772 1602 910 1643 examore
922 1595 950 1642 et
962 1589 1111 1643 devotione
1125 1589 1265 1655 2episeopi
1277 1588 1409 1642 emlesiae

208 1687 358 1755 suaeobtulit‚
373 1701 441 1755 quas
453 1693 482 1741 et
498 1701 586 1755 usque
604 1688 685 1742 bodie
706 1689 846 1756 privilegio
867 1694 893 1741 et
913 1689 1074 1743 auctoritate
1094 1688 1184 1742 stabili
1206 1688 1336 1755 deinceps
1348 1700 1409 1755 pos·

209 1782 267 1838 sedit.

130 1926 133 1933 .
174 1879 199 1932 li
231 1883 381 1940 totalibus
393 1887 490 1940 beatus
501 1888 630 1956 Agerinus
642 1887 756 1941 floribus
770 1900 901 1954 vernans,
915 1889 1016 1942 talibus
1029 1889 1230 1956 pigmentorum
1244 1887 1407 1955 spiritalium

130 1936 134 2037 l
209 1979 307 2038 odoribus
318 1987 509 2051 aromatizans,
523 1987 700 2056 respergebat
710 1988 860 2042 Ecclesiam
871 1986 1003 2043 odoribus
1014 1988 1103 2053 bonis,
1114 1992 1141 2042 et
1152 1989 1222 2042 sieut
1232 1988 1339 2041 caelum
1356 1987 1407 2041 ful·

209 2091 256 2144 gens
272 2085 383 2154 pingitur
402 2086 524 2140 claritate
547 2087 698 2157 stellarum,
724 2089 763 2141 sic
786 2089 845 2155 ipse
869 2088 999 2156 populum
1024 2102 1105 2143 suum
1128 2089 1204 2143 vario
1228 2088 1410 2154 perlustrabat

209 2173 284 2236 lumine
300 2184 543 2251 praedicationum.
561 2187 627 2251 Quia
643 2186 718 2239 enim
740 2187 872 2239 mirabilis
894 2187 922 2239 in
944 2187 1045 2240 sanctis
1066 2187 1233 2254 pauperibus
1255 2185 1409 2252 ridebatur,

210 2273 329 2339 elusverbo
340 2282 420 2349 quasi
433 2283 502 2336 lucis
522 2284 598 2337 radio
619 2285 763 2338 audientes
785 2285 1029 2351 illuminabantur;
1044 2291 1071 2338 et
1090 2287 1155 2353 quia
1173 2299 1204 2338 se
1225 2285 1316 2352 ipsum
1333 2284 1410 2352 prius

176 2366 247 2428 ’itis
254 2377 375 2434 bonomm
387 2386 498 2435 actuum
512 2382 637 2451 feriebat,
650 2383 819 2436 dormientes
832 2385 860 2437 in
874 2385 991 2450 peccatis
1003 2384 1037 2438 ad
1056 2384 1252 2451 paenitentiam
1264 2383 1410 2440 excitabat.

212 2471 329 2533 boisenim
341 2493 404 2533 eum
418 2493 547 2545 spernere
560 2487 747 2548 praesumeret
767 2476 848 2549 quem
868 2484 969 2537 virtute
980 2484 1027 2536 liei
1042 2489 1097 2537 tam
1109 2475 1314 2550 praepotentem
1327 2494 1410 2550 agno·

212 2579 360 2644 mutonis
376 2591 432 2632 non
445 2580 576 2633 attentius
587 2581 695 2634 audiret
707 2594 771 2635 eum
784 2582 862 2649 eujus
880 2583 921 2636 ori
939 2586 994 2635 tam
1016 2583 1170 2649 proximum
1184 2582 1287 2636 videret
1305 2581 1410 2634 iteum?

212 2666 300 2740 Qubus
321 2678 390 2731 sicut
409 2677 535 2732 viderant
555 2680 703 2733 ministrari
727 2680 752 2733 ei
772 2680 834 2733 vina
856 2680 891 2734 de
912 2681 998 2748 eaelo,
1018 2681 1057 2734 sio
1076 2681 1224 2735 credebant
1244 2681 1360 2735 salutem
1384 2685 1410 2733 et

211 2769 289 2825 ieobu
298 2788 419 2840 pereum
431 2789 461 2829 se
473 2789 554 2843 posse
566 2778 719 2844 promereri
733 2791 749 2831 a
762 2779 886 2832 domino.
899 2781 953 2831 Nee
974 2779 1070 2846 utique
1082 2779 1247 2832 fallebantur
1260 2795 1266 2832 :
1280 2778 1345 2845 quia
1362 2777 1409 2845 qui

179 2858 411 2927 liiibreoerattam
430 2877 553 2941 proxime
572 2877 673 2929 terreni
693 2878 764 2944 regis
785 2877 903 2943 bospitio
924 2877 1097 2943 impeditum,
1110 2879 1194 2944 magis
1214 2877 1343 2932 audiebat
1360 2891 1409 2943 pro

212 2973 347 3027 iiisemitio
361 2973 542 3028 desudantem
555 2977 582 3028 in
595 2977 776 3042 acquisitione
788 2978 942 3030 animarum
953 2995 960 3042 3
974 2979 1060 3044 etqui
1074 2991 1165 3044 regem
1177 2978 1241 3032 vino
1253 2981 1363 3044 paverat
1372 2976 1407 3029 ad

212 3060 253 3125 fili
261 3073 417 3140 baddonem,
431 3075 516 3140 magis
528 3075 597 3128 votis
608 3077 667 3142 ejus
690 3077 798 3129 favebat
809 3076 964 3129 animarum
983 3077 1111 3130 salutaria
1130 3078 1276 3130 sitientem.
1290 3075 1367 3130 Unde
1384 3076 1407 3128 si

211 3170 254 3216 lim
264 3173 330 3224 uobis
344 3179 489 3238 patronum
503 3178 530 3226 et
540 3174 694 3241 adjutorem
706 3177 874 3243 quaerimus,
889 3177 911 3227 si
924 3176 953 3228 in
966 3176 1074 3229 deserto
1087 3182 1181 3229 arente
1201 3176 1271 3229 vitae
1286 3175 1407 3229 mortalis

208 3259 376 3334 iilfsttgatorem
399 3271 597 3340 ductoremque
618 3281 823 3339 praeoptamus,
845 3274 966 3327 levemus
985 3274 1019 3327 ad
1041 3288 1104 3328 eum
1124 3274 1205 3328 corda
1229 3279 1322 3328 nostra
1343 3287 1406 3327 oum

143 3430 146 3435 Ι
172 3354 310 3435 dumibus,
322 3383 432 3422 oremus
444 3383 508 3423 eum
522 3372 613 3438 lingua
625 3378 653 3424 et
664 3374 804 3438 operibus3
817 3378 843 3425 et
856 3373 884 3425 in
904 3375 963 3440 ejus
982 3372 1117 3440 adjutorio
1136 3374 1210 3427 fonte
1223 3375 1293 3426 vitae
1305 3373 1405 3439 satiati,

130 3526 136 3535 ,
203 3455 289 3524 donam
300 3473 324 3521 et
340 3469 449 3522 divitias
461 3469 610 3523 intuitivas
623 3471 805 3524 inveniemus.

228 3561 303 3618 larue¹
315 3569 409 3622 viuum
424 3568 536 3622 virtutis
556 3583 604 3635 per
617 3571 769 3636 praesulem
784 3578 909 3624 sanetum
922 3571 990 3625 adeo
1002 3573 1133 3626 virtutum
1152 3574 1208 3640 regi
1221 3580 1248 3626 et
1261 3570 1406 3626 comitibus

195 3663 346 3728 propinatum
367 3667 452 3719 corda
471 3666 568 3719 devota
588 3668 681 3734 populi
704 3674 769 3721 tuno
791 3670 922 3735 temporis
935 3670 1003 3723 adeo
1017 3671 1170 3724 laetificavit
1184 3676 1215 3723 ut
1237 3671 1265 3723 in
1277 3672 1338 3725 loeo
1350 3684 1405 3737 quo

192 3763 258 3828 copia
268 3772 292 3817 et
302 3766 495 3820 benedictione
507 3766 674 3833 profluxerat
686 3769 770 3822 altare
782 3771 991 3837 constituerent,
1004 3773 1134 3837 quatinus
1152 3771 1309 3838 hujusmodi
1328 3772 1405 3839 signo

136 3868 170 3924 ω
187 3871 371 3929 superventura
392 3866 501 3919 saecula
523 3873 669 3920 noscerent
690 3870 767 3935 cujus
791 3870 878 3923 meriti
891 3870 1051 3922 excellentia
1072 3872 1168 3924 beatus
1187 3872 1315 3939 agericum
1332 3869 1405 3937 apud

184 3965 263 4016 ileum
278 3964 401 4033 ingloria
413 3972 525 4018 aeterna
538 3967 662 4033 fulgeret.

208 4064 257 4117 ta.
277 4065 420 4119 'transibat
442 4065 485 4118 bie
506 4074 616 4120 sanctus
638 4068 800 4135 aliquando¹
815 4082 864 4134 per
884 4069 1019 4123 civitatem
1038 4071 1272 4133 laudunensium,
1295 4074 1323 4123 et
1342 4083 1406 4123 ecce

174 4165 272 4218 obvius
284 4165 336 4216 sibi
348 4165 399 4218 fuit
411 4164 522 4231 quidam
536 4167 650 4219 manicis
663 4169 771 4220 strictus
783 4175 810 4221 et
822 4169 1011 4235 compedibus,
1025 4170 1068 4223 oui
1079 4171 1171 4236 judice
1184 4175 1335 4235 praeeunte
1347 4181 1404 4221 oar·

168 4277 216 4317 rer
228 4262 401 4327 aperiebatur
412 4263 554 4317 obscurus.
577 4265 644 4329 ibat,
658 4264 706 4318 sed
719 4266 804 4333 magis
817 4266 1008 4332 impellebatur
1027 4267 1132 4333 infelix,
1145 4267 1279 4333 vagitibus
1300 4267 1404 4334 plateas

198 4430 296 4482 Num.
314 4429 365 4482 14.
380 4455 412 4465 -
425 4434 433 4468 ¹
447 4427 581 4482 beneflcio
594 4432 618 4483 Ξ.
632 4433 687 4468 -2
701 4431 802 4496 proprii
816 4431 888 4485 add.
904 4433 928 4485 2.

197 4514 295 4565 Num.
312 4512 365 4563 15.
379 4538 413 4549 -
426 4515 433 4549 ¹
449 4513 506 4563 tlon
519 4526 599 4565 ruane
612 4515 636 4565 2.

194 4597 293 4651 Num.
308 4594 359 4648 16.
374 4621 406 4632 -
419 4599 427 4635 ¹
440 4597 471 4655 (s.
485 4597 521 4656 a.)
533 4608 557 4648 a.
572 4609 593 4648 s
608 4598 633 4651 2.
