3076 5498
325 301 417 351 amn.
437 301 518 351 nar.
538 302 656 354 rasis.
676 318 721 331 -
737 303 892 354 arpenn.
912 303 959 353 tn
976 301 1054 353 oon.
1076 301 1165 354 ireos.
1308 287 1373 352 137

226 468 301 546 370
320 469 451 557 Passio
477 470 599 548 sancti
627 470 796 549 Cornelii
821 494 946 572 papae
976 471 1086 550 urbis
1117 470 1263 550 Romae
1288 469 1365 570 ifol.

234 593 584 799 38'141327ass1ifig2ancti
604 720 784 822 Cypriani
803 720 979 822 episcopi
995 720 1075 810 (fol.
1097 720 1297 800 too-loth
1312 722 1345 796 .*

168 847 447 922 lucureanonymo.

597 1027 897 1037 --—-—-———·

477 1237 687 1350 Appendix
707 1238 756 1325 ud
778 1237 857 1328 eod.
887 1237 1038 1326 12605.

136 1456 305 1533 Euspena
327 1481 551 1531 nsuicaroiua
575 1480 619 1528 nr
645 1479 830 1527 esinnario
855 1479 890 1526 nt
906 1477 1011 1525 virtu
1028 1458 1083 1526 sae
1104 1460 1375 1527 Ausraoeuaran

528 1569 609 1664 (Cir.
630 1590 741 1657 supra,
767 1591 800 1657 p.
823 1569 899 1648 134,
925 1566 983 1648 3⁰).

162 1762 310 1841 Incipit
322 1768 495 1840 prologus
516 1764 553 1825 in
574 1754 689 1825 ritem
708 1766 856 1824 sunctae
876 1766 1143 1826 Austrobertee
1163 1763 1331 1838 virginis.

157 1960 188 2012 Si
214 1968 302 2021 ruinis
315 1966 435 2020 mundus
447 1970 483 2029 et,
497 1963 573 2016 velut
585 1962 666 2016 arbor
679 1962 765 2016 incisa
777 1963 921 2017 securibus
935 1977 990 2018 una
1003 1964 1031 2016 in
1046 1968 1123 2031 perte
1141 1977 1248 2032 casura,
1264 1963 1373 2030 penitus

134 2061 296 2131 inclinatus,
309 2068 342 2121 ab
356 2065 515 2120 hominibus
526 2063 626 2116 retrahi
636 2067 663 2115 et
672 2063 841 2129 quibuslibet
851 2065 1020 2131 argumentis
1033 2064 1167 2129 potuisset
1179 2064 1308 2132 subponi,
1319 2078 1375 2132 quo

138 2158 251 2218 facilius
259 2180 333 2219 mons
345 2166 475 2227 humana,
486 2162 668 2229 longaevitate
679 2166 833 2227 temporum
846 2167 929 2228 certa,
940 2163 1092 2216 fabricandi
1103 2163 1244 2230 quippiam
1254 2169 1301 2217 aut
1310 2165 1375 2217 scri·

140 2261 227 2315 tendi
241 2265 396 2332 sumpsisset
407 2263 546 2324 fiduciam,
560 2262 596 2314 ita
604 2267 636 2314 ut
648 2261 705 2327 ipsa
718 2260 836 2315 artifices
850 2262 996 2316 artificium
1007 2277 1088 2316 suum
1101 2263 1259 2317 facultatem
1279 2262 1374 2317 utendi

145 2362 216 2414 artas
241 2368 367 2435 longaeva
389 2363 572 2431 protraheret,
593 2374 717 2428 opusque
739 2363 857 2414 fructum
879 2368 961 2430 atque
985 2363 1136 2430 perfeetum
1160 2362 1269 2416 fruendi
1292 2376 1374 2417 eausa

148 2463 263 2518 humana
274 2465 426 2534 procreatio
447 2462 553 2516 durans
573 2463 601 2514 in
614 2474 681 2515 aevo
698 2467 844 2527 constaret,
857 2463 921 2515 licet
939 2465 995 2530 jam
1009 2476 1024 2515 a
1046 2461 1138 2517 sonitu
1151 2467 1241 2516 tantae
1260 2476 1374 2517 concus-

130 2560 234 2616 bsionis
251 2565 417 2618 inuniverso
436 2562 539 2615 mundo
560 2561 664 2614 dudum
677 2566 791 2614 cunctae
809 2561 973 2627 generaliter
993 2563 1160 2615 cessaverint
1177 2563 1276 2616 artium
1295 2562 1375 2616 disci·

157 2656 248 2727 olinae,
259 2669 378 2731 surgeret
399 2666 492 2714 tamen
515 2661 595 2714 modo
610 2661 752 2713 hominum
771 2672 840 2713 nova
858 2661 1004 2728 progenies
1016 2664 1043 2713 et
1055 2661 1130 2714 velut
1143 2673 1157 2715 e
1170 2661 1262 2714 radice
1276 2662 1375 2730 germi-

163 2769 220 2810 nans
240 2763 350 2816 rediviva
371 2761 520 2828 praecipue
540 2760 729 2826 philosophiae
748 2759 907 2827 jucunditas
928 2760 1084 2827 pullularet.
1098 2763 1151 2826 ligo
1170 2761 1289 2828 igitur,a
1310 2766 1375 2829 te,o

168 2863 306 2915 venerabilis
327 2868 417 2916 mater
435 2859 590 2926 christique
611 2859 745 2926 discipula
758 2859 839 2924 lulla,
853 2873 1019 2927 quamquam
1038 2861 1135 2913 inertia
1158 2874 1312 2928 soporeque
1329 2862 1375 2914 de·

172 2967 267 3029 paruus,
278 2961 390 3015 taudem
409 2961 540 3014 excitatus
556 2966 603 3011 tuo
625 2958 796 3027 [desiderio]'
810 2960 877 3026 ipso,
892 2967 918 3012 et
930 2965 1017 3013 taetus
1029 2960 1124 3014 dolore
1145 2960 1236 3015 cordis
1249 2961 1375 3014 intrinse-

138 3054 280 3117 llusdum
299 3067 374 3114 tanta
394 3061 546 3128 ignorantia
568 3065 594 3112 et
616 3060 751 3126 imperitia
771 3073 814 3112 me
827 3072 969 3113 cernerem
989 3060 1204 3127 deprehensum,
1217 3067 1248 3114 ut
1265 3060 1298 3113 ad
1319 3075 1377 3128 per·

179 3150 289 3213 iciendum
310 3175 380 3227 opus
401 3162 475 3227 quod
496 3160 659 3227 injungebas
680 3160 789 3226 penitus
811 3161 897 3213 iorem
919 3159 1055 3225 inefficax,
1069 3161 1135 3228 quid
1158 3162 1233 3214 aliud
1254 3175 1373 3230 agerem,

181 3262 237 3313 quam
253 3265 277 3311 ut
295 3260 518 3328 peregrinatione
538 3264 664 3323 suscepta
686 3259 861 3311 orientalium
883 3260 1000 3324 partium
1024 3260 1152 3325 regiones
1166 3260 1283 3313 lustrare
1303 3262 1375 3314 festi·

182 3360 236 3419 nans,
247 3363 322 3412 terras
332 3365 488 3426 penetrare,
499 3358 630 3410 montium
639 3360 702 3425 juga
713 3359 908 3424 conscendere,
916 3358 1001 3412 maria
1015 3360 1193 3412 transfretare
1202 3362 1375 3428 aggrederer,

182 3445 248 3516 ibique
257 3472 335 3511 unum
355 3472 370 3511 e
391 3459 525 3523 pluribus
539 3470 607 3524 quos
629 3458 690 3510 illae
713 3459 837 3524 regiones
853 3459 954 3510 habere
975 3458 1109 3524 solebant,
1121 3460 1239 3512 Tullium
1251 3460 1377 3514 videlicet

149 3543 422 3623 ldautbemosthenem,
437 3558 609 3624 perquirens,
620 3557 775 3622 disciplinis
795 3559 851 3610 suis
873 3571 916 3610 me
938 3558 1072 3611 traderem
1086 3560 1201 3625 ejusque
1213 3559 1247 3612 ad
1269 3566 1376 3626 tempus

177 3655 232 3704 omni
249 3670 286 3711 me
305 3659 415 3711 servitio
437 3660 623 3725 subjugarem,
645 3660 774 3725 quatinus
795 3659 992 3725 aliquantisper
1016 3659 1155 3722 imbutuS,
1174 3658 1317 3726 'vitamque
1339 3660 1378 3711 illi

172 3757 342 3811 committerem
357 3760 457 3824 verbiS,
469 3760 545 3825 quasi
554 3761 688 3826 losephus
698 3757 1085 3824 autCaesariensisEusebius,
1095 3758 1137 3810 vel
1147 3759 1239 3824 etiam,
1248 3765 1279 3812 ut
1288 3759 1379 3812 dicere

166 3851 231 3905 helas
242 3861 286 3919 est,
300 3864 393 3910 noster
405 3857 547 3923 quondam
560 3859 741 3922 hieronymus
756 3855 925 3923 residerem,
940 3861 969 3909 et
982 3869 1037 3909 non
1059 3856 1146 3909 solum
1167 3871 1197 3909 ea
1211 3858 1259 3911 tibi
1273 3871 1343 3923 quae
1362 3872 1377 3910 u

159 3954 259 4018 tejussa
272 3963 333 4008 sunt
351 3956 467 4024 eleganti
490 3970 618 4009 sermone
637 3958 740 4024 digesta
755 3957 873 4010 breviter
893 3956 1101 4022 luculenterque
1123 3956 1267 4022 ediderim,
1282 3970 1376 4009 verum

130 4053 231 4112 tetiam
244 4057 430 4119 praesentibus
450 4057 621 4123 temporibus
642 4055 772 4122 quicquid
795 4070 809 4109 e
833 4057 936 4109 mundo
957 4056 1085 4109 accidens
1105 4070 1171 4109 casu
1185 4056 1242 4109 sive
1255 4057 1288 4110 de
1303 4056 1380 4109 indu-

143 4155 212 4213 stria
222 4156 366 4222 evenisset,
374 4156 408 4208 ad
417 4156 603 4222 cognitionem
615 4157 726 4208 humani
736 4157 846 4223 generis
856 4156 919 4208 stilo
930 4156 1207 4208 illustrassethunc
1217 4155 1379 4223 igitur,cum

137 4257 225 4316 aliter
240 4255 340 4308 mundo
353 4256 463 4308 evenire
486 4269 542 4307 non
565 4269 644 4321 posse
666 4255 839 4308 manifestum
862 4262 902 4307 est
916 4256 968 4306 nisi
982 4260 1010 4307 ut
1022 4256 1151 4309 velociter
1163 4269 1226 4307 eum
1239 4256 1280 4307 his
1292 4257 1380 4308 omni·

131 4362 190 4416 hus
204 4367 278 4422 quae
292 4355 319 4406 ln
341 4367 374 4407 eo
387 4359 454 4406 sunt
473 4353 637 4407 dissolvatur
657 4359 683 4407 et
703 4359 805 4420 pereat,
820 4355 898 4407 itaut
918 4367 968 4406 nec
990 4354 1032 4405 his
1052 4367 1142 4419 paene
1160 4352 1274 4407 sufficiat
1286 4356 1332 4421 qui
1348 4368 1380 4408 eo

130 4456 277 4531 praesenti
302 4459 426 4520 tempore
448 4460 574 4518 utuntur,
597 4459 700 4520 quanto
722 4455 816 4521 magis*
831 4454 940 4520 suturis
959 4455 1024 4507 dum
1045 4467 1101 4507 non
1116 4458 1206 4520 erunt,
1220 4455 1322 4520 aliquid
1344 4456 1379 4507 sit

130 4556 300 4616 intentionis
309 4554 538 4623 relinquendum,
551 4554 617 4623 quid
630 4553 704 4606 aliud
715 4567 940 4625 unumquemque
949 4559 1058 4623 oportet
1069 4555 1162 4623 magis,
1170 4559 1200 4606 ut
1210 4554 1281 4607 intra
1291 4567 1377 4624 quau·

1437 4457 1447 4476 ·
1462 4457 1518 4522 lep.

1420 4522 1530 4575 minus?
