3082 5498
148 301 213 367 180
494 318 620 369 carae.
639 319 741 368 cono.
760 318 935 369 naamon.
955 318 1035 368 aaa.

146 487 223 540 ribus
232 499 303 553 quae
313 487 451 540 humanae
460 487 616 545 condicioni
629 493 677 540 aut
688 487 859 556 originaliter
870 486 989 539 naturali
1002 485 1184 552 passibilitate
1195 482 1344 537 acciduotaut

147 587 258 640 iortuito
275 587 450 652 proveniunt.
469 589 536 640 Cum
558 588 632 640 enim
645 601 679 640 ex
699 589 806 641 diverse
824 589 899 640 orbis
917 586 1062 640 latitudine
1081 586 1153 639 lama
1171 586 1343 650 virtutumque

146 690 240 738 exorta
252 684 463 738 innumerabilis
481 685 624 738 hominum
642 692 820 740 concurreret
836 686 992 751 multitudo,
1014 699 1048 738 er
1066 685 1198 738 omnibus
1215 684 1342 737 tamentat-

146 783 244 837 liarum
257 784 473 850 Germaniaeque
491 783 601 847 unibus,
621 787 812 838 transmarinis
829 772 939 852 quoque
951 784 1112 851 provinciis,
1122 789 1197 837 tanta
1214 782 1342 849 populomn

147 882 479 937 immensitasconlluebat
487 888 518 937 ut
527 895 637 936 omnem
646 884 697 938 loci
708 885 794 950 ipsius
802 886 894 950 situm,
902 884 1045 951 quiampla
1056 883 1121 936 satis
1130 881 1343 936 latitudiuedilata·
1354 880 1366 930 i

146 990 201 1046 tur,
211 983 378 1035 locustarum
388 983 474 1035 instar
484 990 703 1050 praeoccuparet.
716 985 789 1036 inter
797 997 868 1050 quos
876 987 950 1035 tanta
960 987 1019 1036 erat
1028 983 1213 1035 numerositas
1223 992 1342 1039 caecomn

146 1079 315 1146 claudorum,
340 1079 491 1145 aridorum,
513 1080 740 1146 leprosorumque
759 1088 786 1133 et
804 1081 1059 1148 energuminorum,
1070 1079 1251 1133 lunaticorum
1262 1087 1343 1144 quoque

148 1177 411 1245 omnigenarumque
423 1175 596 1230 debilitatum
608 1178 878 1231 incommoditatibus
887 1177 1049 1244 praepedita
1058 1177 1222 1244 frequentia,
1231 1181 1259 1228 ut
1267 1173 1344 1229 numeri

148 1289 283 1330 summam
296 1276 434 1328 videretur
447 1276 590 1330 excedere.
604 1278 634 1328 ln
653 1277 695 1328 his
707 1275 836 1330 omnibus
855 1284 910 1329 tam
923 1277 1054 1343 frequens
1072 1281 1132 1330 erat
1145 1283 1213 1329 nutu
1229 1273 1345 1328 diuinitatis

148 1390 197 1443 per
217 1376 406 1429 beatissimum
427 1381 575 1443 martyrem
596 1378 744 1430 sanitatum
765 1377 894 1430 exhibitio
916 1384 1018 1444 quanto
1040 1383 1068 1429 et
1088 1389 1185 1430 eorum
1205 1375 1249 1442 qui
1268 1371 1345 1426 medela
1358 1369 1380 1421 tt

148 1476 309 1544 indigebant
320 1476 494 1528 numerosior
511 1480 571 1528 erat
582 1476 736 1529 concursio.
756 1476 931 1529 sanabantur
949 1476 1069 1542 denique
1087 1488 1144 1529 non
1162 1473 1346 1528 tantumrin‘tiu

148 1581 195 1628 aut
206 1575 399 1641 personaliter,
413 1587 508 1626 verum
522 1575 604 1627 etiam
617 1574 680 1627 deni
695 1575 841 1642 vigenique
854 1580 890 1639 et,
901 1583 932 1628 ut
944 1576 981 1628 ita
993 1575 1094 1639 dicam,
1107 1576 1240 1642 gregatim
1252 1570 1348 1626 :adeout

155 1676 185 1728 in
197 1675 242 1728 die
253 1674 407 1742 vigiliarum
419 1675 505 1727 sancti
524 1686 556 1727 ac
567 1676 733 1727 venerabilis
751 1677 917 1729 contessoris
929 1676 1030 1728 Christi
1047 1675 1185 1734 Benedicti
1204 1675 1297 1729 abbatis
1306 1683 1348 1735 sep

149 1774 272 1842 tuaginta
289 1779 316 1825 et
332 1773 388 1826 duo
406 1774 554 1839 promiscui
573 1787 655 1828 sexus
673 1780 700 1827 et
716 1776 820 1840 aetatis,
835 1777 1008 1849 promiscuae
1024 1788 1135 1843 quoque
1153 1775 1298 1839 debilitatis,
1308 1773 1350 1836 ipso

150 1873 301 1927 virtutifero
315 1880 432 1939 martyre
443 1872 618 1942 suffragante,
634 1874 817 1928 redderentur
828 1877 991 1930 incolumes.
1004 1879 1109 1929 Lumen
1122 1875 1207 1941 caeci,
1220 1872 1284 1940 quod
1295 1881 1352 1924 num·
1363 1863 1384 1915 {⁵

151 1986 234 2040 quam
246 1973 349 2038 experti
362 1972 479 2035 inerant,
495 1974 690 2042 percipiebant,
704 1973 794 2028 claudi
808 1988 943 2041 gressum,
956 1988 1040 2041 quem
1055 1988 1112 2028 non
1130 1978 1271 2035 noverant,
1282 1979 1352 2024 ronse

151 2074 316 2140 quebantur.
330 2075 393 2125 Erat
409 2073 437 2124 in
456 2073 508 2137 his,
528 2074 574 2140 qui
593 2074 746 2127 devotionis
764 2076 878 2127 obtentu
896 2075 930 2127 ad
947 2077 1007 2141 ejus
1024 2074 1192 2140 experienda
1209 2067 1354 2126 contuebant

152 2170 295 2234 beneficia,
314 2171 395 2223 timor
412 2170 584 2235 immodicus,
603 2171 688 2224 cultui
710 2172 879 2224 reverentiae
897 2172 1008 2224 mixtus.
1031 2172 1160 2237 Plerique
1171 2172 1245 2224 enim
1265 2166 1353 2222 erimina

153 2283 202 2324 sua
214 2271 303 2336 palam
317 2268 524 2335 profitebantur,
538 2270 647 2336 plurimi
660 2285 770 2338 quoque
783 2272 845 2340 igne
857 2272 988 2325 invisibili
1001 2272 1147 2325 visibiliter
1160 2273 1307 2325 urebantur.
1316 2261 1354 2318 scd

154 2369 256 2436 quibus
275 2376 334 2421 erat
352 2381 431 2421 mens
451 2370 554 2432 sanior,
573 2371 797 2436 circumspectius
818 2372 978 2438 satagebant
997 2383 1054 2424 non
1077 2377 1142 2423 ante
1162 2370 1254 2436 templi
1274 2354 1386 2422 aditrntl

154 2470 269 2522 introire
288 2482 370 2536 quam
392 2472 419 2521 et
440 2473 546 2525 mentes
568 2470 639 2522 intro
663 2471 846 2523 consessionis
865 2483 897 2522 ac
920 2470 1115 2537 paenitentiae,
1138 2481 1252 2535 corpora
1269 2472 1355 2534 quoque

154 2569 233 2636 aquis
245 2568 391 2621 diluerent.
406 2570 468 2620 Erat
480 2567 600 2635 denique
613 2570 641 2620 in
654 2569 769 2621 diversis
782 2570 933 2635 speciebus,
948 2582 1019 2637 quae
1031 2568 1128 2622 votivis
1141 2568 1261 2621 donariis
1270 2566 1297 2620 ad
1307 2573 1355 2616 cott-

156 2669 303 2722 lessionem
321 2668 402 2733 hujus
420 2667 672 2732 praecellentissimi
690 2669 816 2735 martyris
834 2683 868 2721 ox
886 2668 1001 2721 diversis
1019 2668 1168 2734 provinciis
1185 2673 1212 2720 et
1229 2661 1355 2734 regionibus

154 2768 200 2833 pia
219 2766 341 2820 tldelium
362 2763 548 2819 offerebantur
568 2767 720 2833 deuotione,
741 2774 793 2820 tam
813 2769 908 2835 ingens
927 2769 1005 2833 copia
1023 2776 1053 2820 ut
1074 2768 1207 2833 ponderis
1224 2763 1355 2825 numerique

155 2878 289 2920 summam
299 2879 386 2932 paene
398 2865 557 2918 riderentur
569 2867 711 2933 excedere,
722 2867 790 2920 adeo
802 2873 832 2920 ut
844 2870 981 2935 octoginta
993 2869 1116 2934 quinque
1129 2865 1280 2921 modiorum
1289 2863 1353 2916 diter·
1365 2846 1390 2902 ΙΙ

154 2978 247 3019 sorum
269 2966 464 3017 numismatum
485 2965 589 3031 argenti
611 2966 738 3018 cumulus
758 2971 937 3032 excresceret,
960 2971 1068 3032 praeter
1085 2966 1200 3019 monilia
1219 2966 1322 3018 viromn
1334 2963 1358 3006 ³⁰

155 3065 311 3130 mulierum,
324 3064 450 3115 missoria
468 3077 578 3129 quoque
596 3064 695 3117 diversi
708 3065 840 3131 ponderis
858 3066 965 3130 aliaque
977 3078 1040 3119 vasa
1058 3066 1118 3118 auri
1137 3077 1248 3132 quoque
1263 3065 1359 3125 nongtu·

79 3204 81 3219 r
154 3169 243 3218 tarum
257 3164 388 3216 librarum
401 3175 508 3215 summa
523 3161 608 3216 lieret.

187 3262 219 3316 2.
237 3260 333 3314 Aliud
349 3261 583 3314 miraculum-
592 3263 670 3314 hnno
680 3263 814 3315 incarnati
825 3264 904 3315 Verbi
920 3264 1066 3316 bcccxll.
1079 3266 1136 3316 lloc
1150 3275 1260 3340 quoque
1271 3258 1369 3325 dignum

155 3361 282 3414 duximus
299 3361 394 3412 relatu.
408 3361 507 3413 llarolo
520 3361 684 3427 imperatore
698 3362 832 3414 civitatem
846 3364 999 3430 Lingonum
1018 3369 1183 3429 properante
1199 3355 1373 3415 marimothm
1385 3335 1396 3384 ³

156 3460 421 3525 archiepiscoporum
440 3459 668 3526 Francigenarum
687 3472 718 3511 ac
730 3462 960 3514 theutonicorum
979 3463 1119 3524 comitatu,
1134 3462 1243 3514 obuiam
1259 3456 1376 3513 occurre‘

157 3565 222 3613 runt
233 3559 324 3611 Sancti
336 3558 454 3611 bledardi
468 3559 604 3624 monachi,
612 3560 734 3611 subnixis
746 3561 875 3625 precibus
887 3562 1080 3626 imperatorem
1091 3560 1270 3627 deprecantes
1280 3560 1304 3610 ut
1312 3553 1382 3604 yor-

158 3672 224 3725 pora
243 3666 399 3711 sanctorum
421 3665 580 3725 martyrum,
602 3659 791 3713 confessorum
812 3674 843 3713 ac
861 3663 995 3730 uirginum
1016 3663 1045 3713 in
1064 3666 1158 3727 crypta
1177 3648 1391 3728 requiescenti&

4 3776 14 3796 ·
67 3772 72 3785 ·
91 3810 98 3825 ,
158 3760 262 3814 scincet
278 3761 439 3828 sebastiani,
459 3762 584 3826 Tiburtii,
604 3762 678 3814 mirre
693 3761 839 3827 martyris:
856 3764 937 3824 reru,
952 3763 1112 3828 marceium,
1132 3763 1254 3821 uariam.
1272 3734 1396 3818 retabi*

158 3859 253 3922 Mauri,
265 3858 347 3923 Proti,
372 3859 491 3923 lacincti,
505 3858 626 3911 abdonis
640 3866 666 3911 et
678 3861 785 3924 sennis,
805 3861 886 3913 llarci
904 3866 932 3913 et
950 3859 1127 3925 Marcelliani,
1148 3861 1233 3919 ilarii,
1252 3845 1396 3934 blartbatr'f¹

156 3957 268 4009 hudiiar
280 3963 307 4009 et
318 3957 453 4025 abbacuc,
466 3957 584 4010 Floriani
600 3971 662 4010 cum
676 3960 757 4010 yqem
772 3960 902 4012 iratribus
915 3961 982 4023 suis,
993 3940 1242 4026 Gregorii,sereni.
1252 3953 1369 4011 oresio
1383 3940 1395 3976 ¹

158 4056 287 4120 bledardi,
301 4056 431 4118 Gildardi,
452 4058 574 4119 Romani,
591 4058 716 4125 Remigii,
736 4058 885 4111 leocadiae
904 4064 930 4110 et
948 4058 1110 4111 tiedrismae
1127 4064 1154 4111 ct
1171 4059 1284 4111 aliorum
1300 4037 1396 4120 plus¹

160 4168 265 4208 morum
277 4161 432 4208 sanctorum
449 4157 626 4209 veneratione
635 4157 725 4223 digna,
737 4157 770 4209 ad
781 4158 941 4223 excelsiora,
955 4158 988 4210 ad
1008 4159 1206 4211 monasterium
1215 4155 1306 4224 quold]
1320 4144 1396 4218 pia*

158 4253 306 4307 memoriae
320 4254 470 4307 Ludovicus
483 4257 629 4321 imperator
641 4270 707 4309 suus
726 4263 802 4321 pater
812 4258 868 4323 jam
888 4271 920 4310 ex
939 4262 1014 4323 parte
1032 4255 1233 4319 aedificaverat,
1245 4236 1396 4309 deveherss³

159 4353 317 4407 monasterii
330 4353 397 4406 loca.
410 4356 530 4418 Quorum
546 4356 673 4420 precibus
685 4356 746 4420 pius
757 4369 804 4408 rex
818 4354 974 4419 inclinatus,
988 4357 1112 4409 invitans
1132 4357 1343 4422 archiepiscopos
1352 4330 1396 4399 εἴ

158 4453 301 4519 episcopos
323 4465 378 4519 quo
403 4465 433 4504 se
452 4452 485 4504 ad
509 4453 597 4506 locum
620 4453 804 4508 dedicandum
828 4461 936 4521 cryptae
960 4462 1165 4522 praepararent.
1190 4457 1250 4520 Quo
1272 4457 1386 4522 peractor

158 4551 283 4616 inprimis
295 4551 454 4604 detulemnt
467 4552 542 4605 libbo
554 4554 699 4606 Remorum
717 4554 938 4620 archiepiscopus
948 4560 975 4608 et
986 4553 1142 4607 liotbardus
1151 4553 1379 4610 suessionensium
