3076 5498
447 338 1041 398 etBL.NA'r.PARIS.-don.17627.
1294 325 1360 391 409

323 519 379 569 loc.
394 517 565 570 Ecclesiam
576 529 647 570 cum
658 529 793 584 namque
804 530 899 570 stiam
909 530 969 569 reu
984 515 1126 571 chrislus
1141 515 1180 569 ab
1193 517 1291 570 astris

393 618 536 670 Cernerel
549 615 701 682 afflictam
714 617 882 682 multisque
894 616 1056 669 doloribus
1069 618 1185 682 actam,

331 695 339 707 ’
391 716 524 782 Insuper
535 719 629 782 alque
641 716 734 784 ficiem
746 716 875 769 caelesti
886 716 1030 782 dopmate
1042 717 1160 768 cretam

393 816 563 882 Floriperis
575 813 669 882 sactis
681 828 800 868 necnon
813 818 989 869 monstrare
1001 814 1142 881 loquelis,

388 915 543 968 Flectitur
554 915 747 981 omnipotens
760 916 859 967 motus
867 915 989 981 pietate
1000 926 1145 967 serena...

223 1011 263 1087 5⁰
289 1012 463 1091 Ioventio
499 1013 676 1112 corporis
713 1012 835 1089 sancti
877 1011 1051 1102 Quintini
1091 1011 1272 1111 martyris
1305 1013 1355 1090 ab

271 1135 397 1235 Eligio
416 1136 616 1238 episcopo
637 1161 679 1211 111
699 1158 821 1213 nonas
836 1119 1005 1235 januarii
1024 1135 1101 1234 (fol.
1123 1134 1293 1234 “lli-W).

136 1267 365 1334 Scilicctcap.v1
378 1271 450 1323 vitae
460 1271 545 1322 sancti
556 1271 631 1337 Eligii
642 1269 796 1336 adscriptae
806 1269 981 1330 Sludocno,
992 1269 1035 1321 ed.
1046 1270 1073 1320 P.
1083 1270 1200 1333 L.‚tom.
1213 1271 1354 1336 lxxxvii,

147 1367 268 1418 515⁷»st

220 1463 261 1539 6⁰
286 1466 442 1567 [Eadem
463 1469 624 1547 metrice
643 1469 803 1570 digesta]
821 1468 899 1567 (fol.
921 1466 1089 1567 ill-ill).

130 1595 270 1661 inedita,
283 1603 314 1650 ut
326 1599 442 1654 videtur.
458 1601 578 1666 Epistola
592 1601 760 1654 dedicatoria
776 1607 803 1653 et
820 1600 943 1668 epilogus
959 1600 1060 1664 duplici
1082 1599 1244 1652 acrostichio
1257 1603 1353 1652 ornata

130 1700 181 1761 nt,
203 1696 254 1747 ubi
268 1697 296 1749 in
309 1699 415 1766 epilogo
429 1700 566 1753 indicatur
578 1714 690 1752 carmen
703 1700 822 1752 dicatum
836 1713 898 1753 cssc
913 1700 1019 1766 Olpero
1031 1700 1156 1752 decano.
1205 1767 1207 1769 Ι

350 1799 502 1865 Mcpuum
515 1801 624 1852 nostra
637 1799 725 1867 fides,
738 1801 843 1853 noster
854 1801 885 1851 ei
895 1798 952 1852 ord
1030 1798 1065 1863 0,

350 1898 522 1952 Ascensum
534 1899 619 1966 capit
632 1899 705 1952 ltinc
716 1888 786 1952 cum
798 1899 952 1952 meditatu
1026 1899 1058 1950 R

352 1997 521 2051 Reclorum
533 1998 793 2065 meritaprodere
807 1996 896 2063 liupu
1027 1997 1065 2062 A,

351 2096 554 2163 'dardumque
564 2099 719 2164 reparant
727 2098 837 2163 pectus
849 2099 879 2149 et
890 2109 971 2151 oran
1027 2099 1064 2156 Τ,

350 2196 584 2262 Instantemque
595 2196 739 2248 animum
751 2195 811 2248 rite
824 2207 960 2248 serenan
1026 2196 1063 2248 Τ.

350 2294 495 2360 Repnum
505 2293 951 2361 uamqucpollltaccapisart
1029 2296 1055 2347 ll

350 2393 426 2445 cum
438 2394 530 2447 nisus
541 2392 644 2461 fueris
656 2391 881 2460 fcmlueetacl
1026 2397 1055 2448 V

349 2493 509 2548 Allteruos
521 2495 627 2548 aditus
640 2497 762 2548 coivere
774 2499 858 2548 meni
1028 2482 1069 2561 Εζ

349 2593 484 2645 Laetum
495 2595 524 2645 et
537 2607 607 2647 cum
614 2593 762 2661 patribus
768 2595 926 2661 prendere
939 2595 1055 2648 lumeN
1112 2608 1114 2612 ·

347 2691 467 2756 Iapetus,
481 2705 541 2757 auo
551 2693 671 2746 redolet
683 2695 807 2758 martyr
819 2693 917 2748 liouor
1028 2697 1064 2758 ll,
1115 2726 1117 2731 ,

350 2789 888 2856 Guluspesiasacrajurecanuutu
1022 2795 1054 2846 R

349 2889 461 2942 Omnes
469 2904 530 2957 per
536 2893 671 2958 populos
685 2905 754 2945 voce
766 2905 860 2945 sonor
940 2920 942 2924 Α
985 2966 986 2970 ¹
1024 2895 1063 2947 A.

349 2990 435 3042 Laus
447 2993 493 3042 esi
506 2992 698 3056 martyribus
707 2993 847 3058 psallere
860 3005 965 3046 carme
1023 2996 1054 3047 N

345 3089 389 3141 Ac
401 3090 537 3143 intracia
550 3092 644 3144 simul
652 3104 799 3158 promere
812 3094 898 3146 verbi
1027 3096 1060 3161 S,

351 3191 486 3244 Sanctus
499 3194 552 3258 qui
563 3193 667 3245 resilii
679 3195 767 3245 miles
781 3194 814 3245 in
827 3196 909 3247 astri
1024 3198 1055 3250 S.

346 3289 464 3342 Verum
476 3303 537 3343 non
549 3291 633 3344 decet
647 3290 722 3345 haec
733 3306 788 3344 nos
801 3295 914 3348 retlccr
1024 3297 1050 3346 Ε

347 3387 532 3442 Sancloman
544 3390 667 3457 merita
682 3405 761 3457 quae
776 3397 949 3447 veneraulu
1018 3397 1051 3447 R

347 3487 512 3541 caelorum
520 3502 667 3555 proceres
679 3491 780 3543 nobile
792 3495 867 3545 conl
1021 3496 1051 3547 V

346 3587 381 3637 ln
394 3588 489 3639 terris
501 3591 530 3640 el
542 3587 630 3642 homo
642 3590 738 3642 sentit
749 3589 787 3642 ab
799 3593 847 3643 ort
1016 3595 1056 3646 U.

343 3687 477 3739 Petrum
489 3687 602 3754 quippe
613 3689 707 3741 decus
720 3690 832 3744 emicat
845 3693 881 3743 ul
892 3705 924 3745 so
1023 3694 1049 3744 1.

344 3785 382 3836 Et
392 3783 449 3838 hoc
462 3785 560 3838 tendit
574 3785 661 3840 tomo
673 3799 800 3840 cernere
815 3788 862 3840 vis
1020 3793 1050 3844 U

317 3883 850 3950 ,Monslrariquesidijurasaluii
1027 3890 1059 3948 S,

343 3984 806 4050 Ulsacropcteanimiraooel
1019 3991 1059 4042 U.

346 4084 437 4138 Nuria
449 4084 536 4136 stilio
551 4086 637 4138 lemn
648 4086 761 4139 cudere
773 4100 880 4141 carme
1019 4091 1050 4142 N

344 4183 722 4251 Ultrcmeiucipio,·seot‚
736 4186 871 4241 daueles
1015 4191 1055 4253 U,

341 4279 389 4332 Sis
402 4281 528 4334 verdum
540 4282 690 4346 mihimet,
698 4297 799 4350 parce
816 4286 932 4339 miselli
1021 4288 1053 4340 S.

131 4393 201 4441 lnc.
223 4378 321 4448 [irael.
339 4379 484 4433 Carmine
496 4381 680 4434 dulcissimo
693 4384 842 4447 quosdam
857 4385 1054 4447 coenavimus
1066 4389 1154 4438 octies

337 4476 488 4542 Martyris
501 4480 618 4545 eprcpii
632 4481 775 4539 Quintini
789 4484 840 4533 sai
851 4485 1000 4548 reseralo,

338 4577 392 4630 Sed
403 4580 523 4633 uon'acl
535 4580 631 4646 fimm
642 4581 749 4635 ductos
757 4582 980 4648 perspeximus
992 4597 1107 4639 omnes.
