3076 5498
162 297 230 361 288
509 312 634 361 curru.
655 313 756 361 cono.
777 310 951 361 unomen.
970 311 1051 360 nur.

276 486 361 550 Αιιιι
385 502 556 550 ursanum
580 501 791 549 ascensione
816 480 898 570 (Cir.
925 503 1037 568 supra,
1057 504 1088 568 p.
1108 482 1188 561 286,
1208 480 1265 568 3⁰).

190 688 268 751 licce,
282 692 356 752 pater
368 687 566 749 amantissime,
580 687 732 752 bucusque,
746 691 776 737 ut
789 685 874 751 potui,
885 684 1010 738 libellum
1028 691 1202 751 praesentem
1230 681 1352 748 conscripsi.

163 786 241 851 cujus
253 786 338 837 series
351 799 515 852 sacrumque
528 786 688 853 mysterium
701 785 797 838 suadet
818 785 885 835 milri
906 784 1056 850 paenitenti
1077 785 1211 852 naufrago
1234 780 1353 851 paenitendi
1390 782 1394 907 ¹

160 882 307 937 consiliunt
321 891 347 937 et
359 891 387 937 ut
399 886 553 937 commissis
565 884 662 937 delicta
676 897 732 936 non
744 884 871 947 adiciam,
883 896 919 936 ne
928 897 978 949 per
995 885 1241 937 accumulationem
1253 883 1353 935 scelerum
1390 912 1394 971 ἐ

161 983 190 1034 in
202 984 299 1036 mortis
312 984 378 1036 retia
392 984 555 1046 reinvolvar,
580 984 644 1049 quia
665 982 731 1036 dum
756 987 898 1048 peccatum
915 995 964 1048 per
985 983 1104 1036 lamenta
1127 983 1300 1049 paenitentiae
1316 979 1374 1030 noni
1390 980 1394 1077 1

160 1082 279 1147 deletur,
292 1082 325 1135 ad
340 1083 413 1135 aliud
428 1097 489 1136 mox
502 1096 552 1135 sua
564 1083 675 1136 attrahit
687 1083 827 1149 gravitate.
841 1083 1003 1151 Recogitans
1016 1084 1098 1150 igitur
1110 1083 1139 1135 in
1162 1085 1270 1150 spiritus
1280 1079 1350 1132 anan·
1391 1080 1394 1147 ξ

160 1181 257 1234 tudine
270 1194 359 1235 annos
372 1196 458 1248 meos,
473 1196 508 1235 ne
520 1183 687 1235 obstinantia
700 1189 727 1234 et
748 1196 871 1235 meorum
895 1182 1125 1249 multiplicatione
1146 1182 1316 1248 peccaminum
1324 1189 1352 1228 me
1389 1150 1394 1297 ἰ

161 1278 248 1334 iratus
261 1283 393 1335 Dominus
406 1282 485 1335 feriat
496 1288 523 1334 et
543 1283 685 1335 brachium
699 1296 789 1343 suum,
813 1284 883 1334 sicut
902 1282 937 1334 ab
959 1282 1047 1349 initio,
1069 1283 1157 1350 erigat
1179 1289 1208 1335 ut
1228 1280 1353 1342 allidatur

160 1380 249 1445 ipsum
262 1383 391 1448 corripio,
402 1389 432 1434 ut
443 1381 558 1449 dirigam
572 1382 600 1432 in
612 1387 760 1447 conspectu
773 1382 880 1434 bomini
892 1381 949 1434 vias
962 1394 1037 1434 meas
1044 1386 1071 1434 et
1078 1381 1206 1447 exemplo
1215 1381 1289 1446 hujus
1298 1385 1353 1428 tene

161 1482 326 1546 paenitentis
338 1482 456 1536 dilectae
469 1482 632 1535 reconcilier
643 1482 676 1535 ad
702 1482 813 1549 plenum
834 1483 958 1549 bomino,
982 1496 1064 1549 quem
1086 1496 1136 1549 per
1153 1481 1296 1535 maculatae
1305 1480 1353 1531 ritae
1363 1468 1382 1521 ll

160 1587 237 1632 actus
249 1580 426 1634 detestabiles
436 1583 491 1648 jam
504 1580 616 1647 offendi,
630 1582 674 1647 pia
685 1595 752 1635 voce
770 1582 910 1635 humiliter
933 1581 1086 1648 deprecans
1109 1589 1251 1648 patronam
1263 1581 1353 1633 nostrm

160 1678 326 1733 dilectricem
340 1680 478 1746 dilectam,
494 1687 521 1733 ut
537 1694 586 1747 pro
599 1694 642 1733 me
654 1681 771 1733 letaliter
783 1681 937 1746 vulnerato,
959 1683 1037 1748 quasi
1049 1686 1158 1735 mortuo
1179 1687 1207 1735 et
1216 1681 1317 1742 devicto,
1326 1670 1348 1726 ti

159 1776 289 1831 dilectum
302 1793 382 1832 suum
395 1781 514 1847 porrigat
526 1780 585 1845 pias
599 1793 694 1845 preces
706 1781 779 1846 quod
793 1780 916 1833 mortalis
927 1781 1054 1833 ultimum
1073 1781 1140 1833 mibi
1153 1793 1204 1847 pro
1226 1776 1353 1844 suspirate

159 1877 278 1930 remittat
300 1878 370 1930 vitae
391 1879 520 1944 spatium,
539 1891 593 1944 quo
616 1885 726 1945 peccata
751 1879 861 1944 propria
885 1877 1000 1932 defleam
1021 1884 1048 1931 et
1069 1879 1238 1945 paenitentia
1250 1873 1353 1937 conum

152 1976 298 2029 redimam.
315 1978 377 2028 liibi
390 1978 459 2029 victo
472 1978 558 2030 victor
571 1976 718 2044 indulgeat,
730 1978 778 2043 qui
792 1991 834 2029 me
845 1978 897 2031 sibi
906 1978 1004 2030 vinctis
1017 1978 1145 2031 manibus
1158 1976 1243 2031 odero
1255 1987 1311 2029 vere
1320 1962 1370 2022 tici

159 2080 217 2127 tum
220 2114 271 2130 .....
285 2076 336 2128 Sed
351 2076 379 2127 in
392 2076 520 2128 omnibus
532 2074 610 2127 iirma
623 2089 685 2142 spes
706 2075 853 2129 dilectricis
872 2089 932 2128 meo
955 2090 1064 2143 semper
1085 2076 1165 2130 aiilxa
1186 2077 1278 2143 spiritu
1296 2067 1355 2127 adiit

159 2187 230 2240 quae
243 2179 334 2227 tamen
346 2174 494 2227 nuntiandi
508 2175 642 2240 praebuit,
656 2173 795 2227 mediandi
808 2161 971 2228 ministrarit
983 2176 1137 2239 materiam,
1148 2181 1177 2229 et
1196 2174 1271 2228 dedit
1290 2164 1358 2225 libello

159 2273 324 2327 beneficium
348 2275 550 2340 complementi,
571 2287 644 2327 anno
667 2275 815 2326 nativitatis
840 2275 996 2328 dominicae
1017 2275 1165 2329 millesimo
1197 2269 1359 2327 trecentesimi

160 2373 387 2441 quinquagesimo
400 2373 506 2439 quinto,
520 2371 672 2426 indictione
681 2379 786 2438 oetam,
800 2386 873 2426 nono
895 2373 1027 2426 kalendas
1047 2375 1167 2441 augusti,
1190 2374 1258 2426 inira
1278 2374 1363 2426 nutu

160 2472 219 2524 testi
233 2472 348 2525 natalitii
361 2478 470 2524 nostrae
484 2471 632 2524 dilectricis
644 2473 752 2537 llariae,
766 2485 836 2538 quae
850 2478 914 2524 tunc
926 2472 1013 2525 labori
1036 2486 1099 2526 meo
1116 2471 1202 2526 linem
1215 2473 1301 2539 posuit
1318 2444 1394 2521 coo!

159 2571 283 2625 elusione
297 2572 483 2632 membranae,
499 2571 660 2623 innocentio
673 2577 748 2623 serto
760 2572 788 2622 in
801 2572 901 2623 summi
919 2572 1088 2637 apostolatus
1104 2573 1184 2637 apice
1205 2569 1367 2638 praesidente,

160 2671 257 2724 llarolo
270 2677 367 2737 quarto
381 2671 424 2736 pio
437 2675 464 2723 et
476 2671 610 2723 catholico
633 2670 796 2736 imperante,
813 2671 939 2724 lobanne
952 2677 1085 2738 regnante
1099 2669 1370 2735 illustrissimum

159 2769 298 2838 repetitio
310 2771 441 2836 principis
453 2770 605 2835 Tarentini,
623 2776 650 2822 et
666 2770 791 2822 lobanna
809 2771 912 2838 regina,
927 2769 981 2822 lilia
994 2771 1096 2835 llaroli,
1118 2770 1168 2823 lilii
1190 2772 1299 2825 liuberti
1315 2767 1372 2835 regis

156 2870 308 2923 ierusalem
320 2874 347 2923 et
359 2869 475 2930 siciliae,
487 2868 649 2935 coniugibus
664 2868 841 2936 regnantibus
853 2868 1053 2936 comitibusque
1071 2871 1246 2925 Provinciae.

208 3069 265 3132 De
279 3070 390 3132 certis
405 3070 654 3143 singularibus
664 3069 850 3130 miraculis
871 3069 1106 3131 beatissimae
1121 3071 1329 3134 dilectricis.
1391 3078 1394 3126 ι

190 3266 273 3317 Ροιιο
287 3276 322 3315 ne
336 3276 412 3315 sacra
425 3275 538 3315 suorum
551 3268 660 3314 actuum
674 3274 724 3314 nos
737 3260 868 3314 moderna
881 3262 1006 3328 exempla
1025 3269 1213 3329 praetereant,
1228 3267 1381 3333 relinquens

155 3362 383 3430 historiographis
396 3368 487 3415 cetera
500 3360 666 3413 abundantis
680 3362 787 3412 virtutis
799 3374 866 3413 suae
877 3361 995 3428 gloriosa
1004 3362 1137 3414 miracula
1151 3365 1304 3419 reserenda
1316 3378 1380 3433 quae

154 3475 237 3515 verax
249 3462 320 3531 fama
329 3475 392 3513 vera
402 3460 522 3526 prodidit
531 3461 558 3511 in
569 3467 672 3525 aperto,
680 3461 707 3512 iu
717 3460 818 3526 quibus
829 3458 1010 3527 magnificavit
1022 3462 1156 3514 bominus
1166 3477 1249 3517 suam
1260 3467 1380 3519 dilectam

154 3575 244 3614 caram
257 3564 283 3613 et
295 3559 440 3612 colendam
454 3558 579 3611 exhibuit
591 3559 738 3623 universis,
759 3558 823 3624 quia
845 3571 895 3626 ego
916 3559 951 3611 ab
965 3571 996 3610 ea
1016 3558 1095 3611 dotes
1112 3567 1140 3612 et
1162 3564 1268 3629 gratias
1281 3564 1379 3630 suscepi

153 3660 336 3726 amplissimas
359 3661 482 3714 ubertate
513 3657 653 3723 fecundas,
679 3656 712 3710 ad
734 3658 941 3711 instructionem
964 3665 991 3710 et
1023 3658 1181 3723 proiectum
1214 3663 1394 3717 audientium:

153 3760 313 3812 referam...

336 3962 388 4018 De
402 3958 576 4018 miraculo
591 3960 685 4018 tacto
701 3958 817 4018 actori
830 3957 869 4017 ln
883 3957 1032 4020 dvitete
1045 3962 1208 4024 «Ιαιιιιαο.

182 4161 209 4211 1,
223 4160 290 4210 Cum
303 4158 377 4210 enim
389 4157 504 4221 dudum,
522 4157 668 4209 millesimo
682 4165 761 4209 cccii⁰
774 4155 985 4224 quadragesimo
1000 4158 1090 4224 primo
1103 4161 1270 4217 bominicae
1291 4162 1377 4217 natisi-

150 4259 212 4311 tatis
224 4271 307 4324 anno,
322 4256 429 4309 decimo
443 4255 573 4308 kalendas
580 4257 661 4322 junii,
674 4256 834 4309 indictionis
848 4257 1020 4321 undecimae,
1033 4272 1122 4312 essem
1135 4258 1167 4312 in
1176 4263 1268 4315 lanua
1280 4263 1377 4315 civitate

148 4359 259 4425 insigni,
274 4358 359 4410 nobili
373 4358 490 4409 sociatus
502 4363 610 4409 caterva
623 4356 739 4409 militum
762 4361 788 4408 et
809 4356 954 4420 baronum,
977 4357 1119 4411 admirans
1145 4356 1394 4426 pulchritudineml

147 4458 262 4510 civitatis
274 4462 302 4509 et
315 4455 469 4508 mirabilem
481 4469 593 4508 suorum
616 4456 843 4521 compositionem
866 4468 1008 4509 murorum
1030 4461 1196 4512 marmoreis
1219 4461 1375 4515 instructam
1392 4516 1394 4523 ,

148 4554 284 4622 lapidibus
308 4555 494 4607 innativorum
515 4554 671 4606 diversitate
694 4555 827 4621 colorum,
849 4559 876 4607 et
900 4567 992 4608 sacras
1016 4557 1150 4610 ecclesias
1186 4561 1394 4629 religiosasquet
