3076 5498
309 331 406 382 BIBL.
424 333 510 382 Nar.
529 333 648 383 Panis.
668 353 712 363 -·
730 334 882 384 ΑΡΡΕΝΙ).
901 334 948 382 ΑΙ)
965 333 1042 383 col).
1063 329 1155 383 15031.
1283 313 1350 382 287

450 551 659 662 Appendix
678 553 729 640 ed
748 554 828 643 cod.
854 552 1001 640 15031.

173 750 344 846 Mluaouna
372 780 420 846 8⁸·
440 781 575 848 Manias
599 782 838 848 Mianacsms
863 780 945 864 (cfr.
966 803 1078 868 supra,
1097 803 1129 868 p.
1148 783 1216 850 286
1232 784 1291 865 2⁰).

171 954 294 1020 ltstbacc
314 966 370 1021 duo
389 972 478 1021 aetate
494 968 682 1021 recentissima
703 968 738 1022 de
759 968 952 1023 illustrissimis
976 970 1101 1036 exempla
1118 968 1216 1036 electa,
1237 968 1344 1022 scilicet

151 1051 321 1117 febandibula
333 1069 362 1118 et
381 1070 531 1132 caractere,
552 1078 608 1119 non
629 1065 774 1132 subiciant,
798 1065 853 1119 duo
874 1065 992 1120 adiciam
1011 1067 1155 1121 sanctitate
1175 1066 1338 1132 clarissima,

150 1157 415 1218 inermememoriae.
428 1164 561 1218 lteclusus
572 1165 684 1232 quidam
698 1166 727 1218 in
748 1165 881 1232 Lugduno
905 1166 991 1219 nobili
1010 1167 1129 1231 civitate,
1149 1179 1232 1233 quem
1248 1166 1339 1218 virum

130 1249 241 1314 ⁵tilletum
264 1270 291 1317 et
311 1265 413 1318 virtute
438 1268 579 1330 polentem
599 1278 745 1319 commune
763 1265 898 1332 judicium
929 1267 1083 1332 reputabat,
1101 1266 1179 1334 Juxta
1209 1265 1342 1331 capellam

145 1351 258 1415 dilectricis
269 1364 368 1417 llariae
385 1377 448 1416 cum
461 1364 600 1417 intentivis
612 1364 852 1432 imaginationibus
865 1365 1088 1432 contemplationi
1097 1370 1125 1418 et
1136 1365 1254 1439 orationi
1265 1377 1343 1418 vaca·

145 1461 180 1524 rel,
190 1458 243 1514 dum
257 1476 329 1530 quae
340 1476 451 1517 sursum
463 1467 528 1517 sunt
539 1473 693 1531 quaereret,
707 1464 808 1518 meruit
819 1464 872 1517 sibi
885 1465 1001 1518 revelari
1011 1465 1149 1519 dilectam.
1158 1464 1235 1519 llnde
1244 1478 1340 1532 appre-

144 1553 239 1616 hendens
259 1569 286 1619 et
308 1566 463 1631 percipiens
484 1565 638 1619 mirabilem
660 1566 804 1630 visionem,
826 1565 894 1618 vidit
919 1580 969 1632 per
992 1565 1139 1619 fenestram
1158 1567 1277 1619 mediam
1288 1578 1339 1619 suo

143 1657 261 1718 falusorb
283 1669 311 1717 et
334 1663 467 1731 capellae,
489 1664 561 1718 infra
583 1664 717 1731 capellam
737 1665 854 1718 eandem
874 1665 1013 1732 quandam
1033 1665 1178 1718 mulierem
1199 1664 1339 1727 decoram,

130 1750 219 1814 'famae
229 1763 445 1831 elegantissimae
456 1767 483 1817 et
495 1764 629 1816 mirabilis
641 1763 754 1830 speciei,
768 1763 796 1815 in
809 1776 864 1830 qua
877 1762 952 1816 nulla
964 1768 1024 1817 erat
1036 1763 1152 1828 macula,
1178 1777 1240 1817 cum
1254 1768 1338 1818 totam

141 1862 234 1923 torporis
254 1863 374 1929 speciem
396 1875 446 1916 sua
469 1862 637 1917 formositate
661 1862 792 1916 formaret
815 1862 894 1928 stola,
916 1862 1112 1916 circumdatam
1130 1867 1288 1917 sanctorum
1309 1864 1338 1916 in

140 1963 227 2015 numero
237 1962 347 2028 copioso
359 1975 420 2015 eam
427 1963 616 2016 comitantium
625 1961 770 2015 individuo
779 1962 919 2016 comitatu.
927 1963 999 2025 Quae
1009 1961 1076 2015 dum
1085 1962 1119 2015 ad
1132 1975 1194 2015 eum
1208 1962 1339 2017 accedere

140 2052 260 2127 dodam,
272 2062 389 2115 sinceris
401 2063 565 2128 respiciebat
585 2062 683 2127 oculis,
696 2062 730 2114 ad
752 2075 782 2114 se
804 2059 947 2115 attrahens
968 2062 1056 2114 virum
1070 2061 1118 2114 bei
1139 2067 1170 2114 ut
1181 2067 1339 2130 assurgeret

138 2155 316 2214 turismoribus
331 2160 501 2225 dilectricis;
521 2165 548 2213 et
561 2173 632 2227 quae
649 2164 722 2213 esset
743 2161 916 2228 interrogata
930 2173 978 2226 per
997 2173 1070 2227 eum,
1092 2174 1121 2215 se
1142 2173 1203 2213 esse
1221 2162 1340 2214 asseruit

138 2247 293 2320 lagdalenam
306 2259 393 2324 ipsius
404 2259 583 2312 dilectricem.
602 2259 651 2324 Qui
670 2257 736 2312 dum
758 2259 850 2312 audita
871 2270 928 2312 non
951 2260 1064 2326 respuit,
1084 2259 1227 2328 legationis
1246 2258 1337 2314 officio

139 2345 264 2422 icantur,
274 2364 305 2411 ut
317 2371 364 2410 sex
377 2357 613 2412 Praedicator-ibus
626 2359 734 2423 (eorum
747 2358 869 2410 nubitum
891 2358 1082 2430 designando),
1104 2363 1168 2412 ante
1188 2359 1337 2413 fenestram

138 2451 303 2512 flireclusorii
316 2459 384 2512 bora
397 2458 492 2510 tertiae
505 2457 673 2519 transituris,
681 2457 741 2522 ejus
752 2457 892 2509 nuntiaret
904 2456 1033 2510 mandato
1045 2460 1075 2509 ut
1086 2457 1114 2509 in
1125 2456 1221 2511 eadem
1233 2458 1339 2523 capella

137 2546 337 2611 libirottvcntnm
349 2557 493 2625 eligerent,
507 2545 657 2622 insignum
670 2555 792 2609 adiciens
805 2555 879 2622 quod
899 2568 995 2608 eorum
1008 2561 1102 2608 sancta
1127 2556 1221 2624 religio
1233 2556 1286 2609 sibi
1305 2557 1335 2609 in

136 2655 172 2704 tto
180 2656 299 2719 peculiari
312 2656 469 2709 habitaculo
481 2656 567 2708 sancti
580 2655 717 2708 llaximini
739 2655 882 2710 servirent.
905 2655 1060 2708 Succedunt
1082 2662 1181 2708 cuncta
1201 2655 1333 2723 denique,

134 2753 242 2808 beciotba
252 2756 394 2822 praeteriit
405 2755 529 2809 omniurn
543 2768 614 2823 quae
625 2755 708 2807 llario
731 2754 837 2807 dixerat
849 2755 906 2807 viro
919 2755 984 2820 llei;
1012 2753 1061 2807 sed
1082 2755 1152 2808 sicut
1166 2755 1332 2824 audivimus,

132 2841 308 2907 sicctridimus
319 2854 349 2907 in
361 2853 470 2907 civitate
489 2859 516 2906 et
532 2853 698 2906 monasterio
723 2857 818 2905 sancto
832 2853 900 2918 ejus.
915 2854 946 2904 Et
968 2851 1099 2904 fratribus
1119 2853 1330 2907 transeuntibus

134 2939 313 3021 &respuenti
326 2955 403 3018 lrora,
418 2953 490 3007 idem
517 2958 629 3006 sanctus
651 2953 774 3006 reclusus
793 2952 899 3018 singula
920 2952 1064 3005 nuntiauit.
1087 2952 1137 3015 Qui
1158 2951 1275 3006 fideliter
1297 2953 1334 3006 ibi

133 3051 192 3102 Qun
200 3057 413 3107 construxerunt
424 3056 600 3118 conventum,
615 3051 755 3104 modernis
779 3056 873 3104 tamen
895 3049 959 3103 inde
978 3050 1139 3103 translatum
1165 3051 1335 3117 temporibus

133 3141 254 3212 idearum
265 3152 349 3204 aliam
361 3152 487 3215 civitatis
502 3150 599 3203 effecto
613 3150 673 3203 loco
686 3150 803 3216 pristino
823 3163 878 3202 non
894 3149 987 3215 capaci
1000 3150 1132 3202 fratribus
1145 3149 1248 3202 ibidem
1267 3162 1331 3203 con·

133 3247 221 3311 barus
232 3264 315 3317 saepe
330 3263 447 3304 numero
459 3250 596 3317 ampliori.
610 3251 642 3300 llt
657 3251 755 3302 fratres
775 3249 840 3300 dicti
862 3247 978 3311 ordinis,
1000 3247 1098 3300 ordine
1115 3250 1172 3314 jam
1191 3248 1331 3314 distincto,

132 3343 224 3400 &niuei
241 3349 323 3402 bodie
338 3349 472 3401 dilectrici
486 3349 514 3400 in
528 3348 694 3400 monasterio
713 3347 863 3400 beatissimi
885 3346 1034 3410 Maximini,
1056 3359 1105 3410 pro
1126 3359 1244 3411 quorum
1252 3348 1331 3417 ‘victu

132 3443 234 3506 ametro
244 3447 391 3513 stipendiis
403 3448 540 3515 regalibus
552 3446 702 3499 educandis
718 3446 850 3512 religiosis
868 3444 973 3497 eisdem
993 3443 1139 3512 religiosus
1160 3444 1234 3497 idem
1252 3445 1325 3511 prin·

131 3544 175 3604 trps
185 3547 323 3601 munificus
339 3547 464 3612 [carolus
473 3550 506 3611 ll]
519 3560 635 3601 munera
644 3560 700 3599 non
711 3547 815 3599 modica
826 3546 1005 3612 dispensavit,
1013 3546 1134 3613 insignes
1142 3545 1329 3598 construendo

130 3632 239 3699 bolom
252 3654 279 3700 et
290 3653 455 3701 conventum
471 3648 499 3699 in
511 3646 643 3700 aediliciis
655 3645 777 3698 mirificis
790 3651 816 3698 et
828 3646 955 3698 formosis
967 3644 1001 3696 ad
1014 3645 1162 3697 dilectricis
1184 3645 1327 3712 bonorem,

130 3743 302 3806 aperbciente
314 3747 358 3798 cui
376 3752 418 3798 est
436 3745 594 3798 miraculosi
615 3746 720 3811 [bujlus
740 3743 847 3796 exordii
868 3744 937 3796 ratio
962 3732 1135 3809 ascribenda,
1157 3743 1214 3794 suls
1234 3755 1329 3796 conse·

130 3844 219 3896 uentiis
231 3845 313 3897 linem
326 3844 504 3910 probabiliter
516 3842 716 3897 concludentis.

139 3944 209 3996 inno
222 3944 328 3996 llomini
341 3944 489 3996 millesimo
502 3951 544 3996 ω’
558 3943 738 4010 nonagesimo
758 3942 865 4007 quinto,
879 3941 1029 3994 incivitate
1043 3943 1194 4006 lausanae,
1219 3918 1328 4006 prouin-

130 4054 159 4095 ae
169 4043 335 4107 bisuntinae,
363 4042 567 4095 praedicatores
588 4055 603 4094 a
627 4041 793 4094 monasterio
816 4040 959 4104 verzelaci,
981 4039 1126 4093 credentes
1148 4053 1177 4092 se
1196 4039 1326 4105 reliquias

130 4144 167 4195 eri
179 4143 276 4196 Mariae
292 4142 417 4208 corporis
429 4142 570 4205 babuisse,
583 4154 645 4193 cum
659 4153 709 4206 pro
722 4138 842 4206 fugando
864 4139 1010 4192 daemonio
1031 4139 1175 4192 obsessum
1195 4139 1229 4190 ad
1251 4139 1325 4204 ipsas

131 4243 228 4294 latitas
250 4242 382 4308 reliquias
403 4239 593 4305 adduxissent,
615 4240 744 4303 daemon,
766 4240 813 4305 qui
834 4238 970 4291 ldamnas
990 4251 1086 4306 graece
1107 4237 1218 4301 dicitur,
1240 4237 1325 4291 latine

130 4355 173 4402 us,
188 4353 270 4406 quern
284 4339 404 4392 sensus·
417 4340 545 4392 acumine
557 4340 621 4391 fecit
635 4342 754 4390 astutum
768 4342 865 4389 natura
878 4342 906 4388 et
918 4336 1046 4389 subtilem
1062 4337 1142 4403 longa
1154 4336 1322 4401 exercitatio,
1377 4362 1387 4380 ·
1399 4362 1465 4415 cod·

143 4439 314 4495 revelatione
326 4438 451 4506 angelica
467 4438 545 4490 facile
559 4437 767 4503 comprehendit
787 4449 896 4499 arcana,
916 4437 1026 4503 mgiens
1046 4449 1109 4488 cum
1133 4435 1322 4502 indignatione
1367 4439 1476 4481 census·

130 4555 186 4595 oon
200 4541 302 4592 sentire
314 4538 491 4605 llagdalenae
502 4538 689 4604 praesentiam
701 4534 848 4589 confitetur
866 4540 893 4587 et
914 4547 964 4588 suo
983 4548 1059 4588 mero
1080 4534 1169 4587 otllcio
1190 4535 1319 4600 patefecit
1408 4525 1410 4529 ’

133 4643 217 4694 nens
227 4640 381 4700 verimtem,
392 4636 458 4689 dum
471 4641 579 4703 praeter
592 4637 711 4688 bumana
723 4634 837 4687 consilia
850 4632 926 4687 dedit
939 4634 1127 4688 testimonium
1146 4633 1287 4687 veritati...
