3082 5498
390 313 483 363 nmn.
503 311 786 363 nar.rnn1s.-
802 306 957 362 ncrnrm.
977 312 1024 361 nn
1041 311 1118 361 con.
1140 309 1230 360 naec.
1369 296 1414 361 85

230 482 321 537 ‹lorru‘ae¹
333 485 405 537 func
416 482 544 536 sacerdos
557 482 709 534 ditissimus
723 483 749 533 in
763 484 818 535 beo
832 482 944 547 protulit
960 481 996 534 de
1014 481 1112 535 loculis
1127 481 1243 547 paucula
1260 487 1287 534 et
1304 480 1413 536 infirmo

230 579 402 647 leplcnitudine
413 582 478 635 boni
492 580 584 634 cordis
601 581 732 633 exhibuit.
746 583 811 633 Nam
829 581 921 633 carnis
939 581 1157 635 sustentaculum
1176 580 1311 646 tribuens,
1323 580 1414 633 carnis

166 694 169 699 ·
227 680 279 733 inni
294 680 361 734 dedit
380 680 602 733 solidamentum.
617 679 736 733 biarinm
756 679 856 732 debilis
877 680 981 745 accepit
1001 692 1033 732 ex
1054 692 1145 746 prece,
1159 680 1272 732 salutem
1295 692 1330 732 ex
1351 678 1414 733 lide.

225 779 351 834 letintsibi
364 780 393 832 in
404 779 537 834 cadavere
550 780 621 844 rivo,
635 779 811 832 resuscitatus
821 778 854 831 ad
864 779 948 831 uitam
960 779 1080 846 episcopi
1095 778 1239 832 beneflcio.
1252 781 1324 832 Bona
1334 778 1416 832 nimis

204 878 341 945 ldmosyna
361 891 423 932 cum
445 879 581 944 oratione,
594 879 697 944 optima
716 877 803 930 oratio
824 890 886 929 cnm
907 877 1014 952 pietatis
1036 877 1202 942 operatione.
1216 879 1320 942 Quanta
1332 876 1415 930 etlam

220 978 289 1032 rimie
299 981 399 1048 regitur
410 978 458 1046 qui
471 977 535 1031 fidei
547 977 683 1033 soliditate
696 977 845 1030 fundatur!
860 978 891 1029 ln
904 976 1032 1030 omnibus
1044 977 1166 1042 profecto
1180 976 1327 1030 mobilibus
1337 989 1415 1043 prae·

217 1079 315 1146 nletqui
327 1079 453 1133 stabilem
466 1079 496 1130 in
509 1080 563 1131 lleo
575 1077 656 1130 lidem
671 1079 761 1144 babet,
775 1091 827 1130 nec
840 1083 928 1144 potest
944 1090 1007 1130 cum
1024 1090 1115 1131 rerum
1133 1075 1277 1132 fluentium
1296 1077 1416 1131 vanitate

214 1179 292 1233 noceri
302 1179 347 1246 qui
358 1178 537 1246 conjungitur
549 1177 603 1230 lide
615 1175 835 1230 incommutabili
849 1177 964 1230 veritati.
978 1179 998 1230 0
1013 1176 1089 1242 fides,
1104 1176 1289 1230 inenarrabile
1301 1178 1415 1245 bonum,

214 1277 369 1331 incmrrabile
387 1277 503 1343 donum,
523 1277 710 1330 inenarrabile
729 1277 950 1329 firmamentum!
968 1279 1122 1344 Numquam
1144 1275 1299 1329 infirmatur
1311 1277 1340 1329 in
1362 1276 1416 1331 ilde

173 1375 200 1427 lo
214 1375 293 1443 lmus,
304 1382 330 1431 et
340 1376 417 1431 caelo
429 1382 590 1430 transeunte
602 1382 629 1428 et
641 1383 724 1440 terra,
739 1375 806 1429 fides
819 1376 951 1429 caducum
970 1381 1052 1442 atque
1072 1376 1214 1430 mortalem
1228 1376 1368 1429 bominem
1381 1376 1415 1430 ad

212 1476 272 1528 dun
296 1477 539 1542 aeternitatemque
561 1473 713 1528 confirmat.
739 1475 899 1527 llullatenus
922 1475 1055 1540 profecto,
1077 1474 1196 1542 infirme,
1221 1476 1368 1543 sanareris,
1392 1475 1416 1529 sl

212 1573 289 1628 dubius
299 1581 325 1629 el
337 1576 499 1629 inconstans
511 1574 565 1627 fido
578 1574 769 1627 infirmareris.
784 1575 935 1627 exhibuisti
958 1574 1049 1641 fidem,
1063 1576 1209 1643 episcopus
1227 1577 1378 1641 caritatem,
1391 1581 1418 1631 et

213 1676 286 1729 on'tas
295 1676 324 1729 in
335 1689 399 1731 arca
413 1674 476 1728 fidei
489 1679 601 1741 operata
613 1680 655 1728 est
666 1675 846 1728 sanctificium
856 1677 1019 1728 sanamenti.
1030 1675 1164 1729 Sacerdos
1173 1676 1316 1730 zacharias
1325 1676 1418 1745 linqua

215 1786 331 1840 percussas
341 1774 491 1842 obmutuit,
504 1775 569 1842 quia
581 1775 711 1842 loquente
723 1775 820 1842 angelo
832 1775 896 1828 fidei
915 1773 1033 1828 radicem
1053 1776 1081 1828 in
1099 1776 1182 1829 corde
1195 1788 1250 1830 non
1263 1776 1376 1843 babuit;
1390 1783 1418 1831 et

135 1899 140 1935 ἱ
178 1870 277 1929 lbnater
294 1877 399 1930 bomini
420 1875 523 1928 idcirco
544 1888 659 1942 corpore
679 1876 806 1941 concepit
826 1881 853 1928 et
875 1876 981 1941 peperit
1002 1876 1180 1942 salvatorem,
1201 1877 1266 1944 quia
1283 1877 1311 1929 in
1331 1877 1415 1932 corde

135 1993 146 2036 ,c
216 1984 273 2028 anae
284 1974 344 2028 idei
358 1975 531 2042 praeparauit
545 1973 696 2026 matricem.
711 1976 730 2026 0
744 1975 910 2040 quicumque
927 1972 1076 2026 infirmaris
1093 1975 1121 2027 in
1137 1987 1263 2041 corpore,
1276 1975 1368 2030 salvus
1384 1989 1414 2030 es

135 2100 146 2133 ι,
216 2074 383 2141 tccmorieris,
397 2076 420 2127 si
433 2073 551 2127 firmabis
564 2074 592 2126 in
616 2073 679 2139 lide,
694 2080 720 2126 et
733 2074 900 2140 quicumque
913 2074 941 2124 in
954 2071 1008 2125 fide
1020 2086 1050 2126 es
1067 2072 1175 2138 debilis,
1188 2075 1259 2128 vilae
1281 2075 1411 2142 quodam·

135 2196 150 2230 ε.
217 2175 412 2240 nodomortuus,
426 2178 481 2228 beo
492 2175 593 2228 virenti
606 2175 714 2240 placere
726 2186 782 2226 non
796 2173 907 2240 poteris.
921 2173 1070 2226 Tantillum
1089 2173 1180 2239 itaque
1198 2172 1232 2226 de
1250 2174 1331 2229 laude
1349 2174 1412 2230 fidel

217 2274 268 2337 nasi
279 2275 424 2328 scintillam
435 2274 472 2327 dc
483 2274 541 2327 sole
553 2278 599 2327 aut
610 2273 744 2342 guttulam
756 2273 792 2325 de
805 2273 900 2341 pelago
919 2274 1067 2339 rapientes,
1081 2273 1226 2327 redeamus
1238 2273 1272 2327 ad
1291 2287 1412 2330 causam.

144 2418 147 2424 .
190 2366 438 2442 btuetbnjusmoul
451 2372 560 2426 indiciis
571 2374 741 2427 clarescente
752 2376 807 2426 lico
823 2372 975 2426 habitatore
987 2378 1069 2440 atque
1081 2373 1268 2427 illuminatore
1279 2374 1411 2442 episcopi,

136 2477 141 2505 ='
218 2472 278 2536 coepit
293 2473 337 2525 lux
357 2471 580 2526 benedictionum
602 2472 662 2538 ejus
682 2472 897 2538 circumquaque
915 2471 1019 2538 fulgere
1039 2476 1067 2524 et
1085 2478 1222 2538 tamquam
1236 2473 1371 2526 scintillae
1383 2473 1412 2527 in

138 2600 146 2609 -
218 2571 349 2625 mniineto
360 2572 526 2636 discurrere,
540 2575 570 2623 ut
582 2571 751 2638 quicumque
764 2571 799 2625 de
811 2573 871 2639 ejus
884 2572 1026 2625 sanctitate
1037 2577 1066 2626 et
1074 2573 1176 2627 virtute
1189 2573 1306 2638 audiret,
1319 2573 1412 2629 desua

218 2664 341 2738 ittellqione
353 2677 436 2738 atque
448 2676 557 2736 torpore
568 2671 754 2724 erubesceret.

135 2788 141 2817 ·.
238 2768 270 2820 n.
281 2771 367 2824 llacet
383 2777 411 2824 et
428 2769 502 2823 aliud
521 2771 684 2824 miraculum
704 2769 885 2824 redundantis
904 2771 1109 2824 misericordiae
1121 2771 1154 2824 ad
1168 2771 1278 2824 laudem
1296 2772 1352 2842 liei,
1366 2774 1413 2840 qui

189 2860 350 2931 Buenbalnr
362 2872 391 2923 in
404 2884 498 2937 servo,
512 2870 696 2924 aedificationi
710 2871 832 2925 fidelium
851 2871 905 2925 lide
926 2872 1084 2939 subrogare.
1098 2873 1157 2925 ibat
1177 2872 1347 2940 frequentius
1364 2888 1414 2941 per

135 3012 137 3018 ,
221 2962 402 3024 ltcainlionore
426 2972 471 3023 bei
492 2976 706 3037 sanctorumque
718 2970 853 3033 dedicata,
867 2968 999 3023 offerebat
1017 2970 1083 3022 inibi
1106 2971 1261 3024 orationum
1283 2973 1413 3027 libamina

221 3075 251 3124 tro
260 3066 310 3120 iliis
321 3070 410 3122 adnuo
429 3072 457 3122 in
471 3071 553 3122 exilio
567 3071 672 3136 positis,
685 3070 775 3122 adbuc
787 3070 838 3121 sub
859 3073 946 3121 morte
968 3069 1165 3135 laborantibus,
1178 3071 1346 3124 confratrum
1355 3074 1412 3140 jam

221 3167 292 3224 talliae
303 3169 482 3229 redditorum,
493 3171 548 3235 jam
567 3170 623 3237 regi
642 3172 696 3222 beo
715 3171 914 3236 assistentium,
928 3171 1091 3236 precabatur
1106 3171 1257 3236 juvamina,
1271 3185 1321 3238 per
1338 3187 1368 3226 se
1385 3175 1415 3227 in

135 3289 146 3323 ς,
221 3259 378 3322 iteianenora
397 3271 453 3335 jam
477 3267 547 3321 fixus
571 3274 598 3321 et
618 3269 734 3335 stabilis,
748 3270 916 3335 lapsantibus
938 3268 1054 3321 subditis
1075 3271 1140 3322 certi
1153 3271 1249 3338 refugii
1268 3273 1414 3338 praesidia.

135 3388 148 3422 .·
190 3353 307 3429 ³⁰Cumque
320 3366 381 3419 huic
394 3367 524 3419 insistens
541 3366 632 3419 studio
654 3367 783 3419 basilicae
800 3368 942 3433 cujusdam
961 3367 1077 3420 calcaret
1095 3368 1199 3436 limina,
1214 3370 1414 3438 mulierculam,

220 3456 361 3517 lercsindam
373 3466 496 3528 nomine,
507 3465 614 3518 obuiam
628 3464 733 3529 babuit,
744 3479 815 3532 quae
825 3479 914 3533 caeca,
924 3467 1021 3519 baculo
1034 3472 1153 3534 regente,
1164 3468 1235 3521 uiam
1248 3471 1417 3535 quaeritabat

219 3569 283 3616 errore
294 3571 317 3617 et
328 3566 427 3619 ducem
443 3567 611 3632 sequebatur
634 3567 755 3620 animum
775 3568 917 3620 oculorum
936 3566 1116 3621 desolatione.
1132 3568 1290 3622 Oinfelices
1312 3571 1359 3636 qui
1381 3569 1416 3624 de

217 3655 292 3716 nmine
304 3666 499 3718 tenebrescunt
509 3672 535 3718 et
547 3665 605 3718 sole
619 3666 691 3718 bono
704 3670 731 3720 et
742 3667 816 3719 claro
829 3666 875 3718 bei
889 3680 1005 3718 munere
1016 3675 1131 3720 utuntur
1146 3668 1179 3721 ad
1194 3673 1302 3722 noctem
1315 3672 1321 3721 !
1334 3668 1416 3724 Vobis

135 3808 140 3815 .
215 3755 327 3830 damnum,
348 3766 427 3818 vobis
448 3766 556 3816 miseris
578 3770 693 3817 mortem
715 3766 847 3833 ingeritis,
870 3767 917 3832 qui
939 3767 1028 3819 lucem
1050 3767 1221 3821 declinantes
1244 3769 1272 3820 in
1297 3770 1418 3823 tenebris

176 3855 320 3918 uniltatis.
335 3868 390 3918 lloc
403 3865 437 3917 ad
450 3865 667 3930 compassionem
682 3871 708 3917 ct
719 3867 918 3918 correctionem
933 3867 1109 3933 inseruimus,
1124 3868 1171 3920 sed
1185 3868 1250 3934 quid
1264 3869 1310 3921 ltei
1324 3882 1419 3923 servus

207 3960 318 4017 miserae¹
332 3966 478 4016 miseratus
491 3964 584 4016 fecerit
596 3977 631 4017 ex
644 3965 714 4017 serie
723 3966 779 4031 jam
801 3965 933 4018 dicamus.
948 3966 1086 4018 Tenebras
1101 3966 1260 4033 quindecim
1282 3981 1418 4022 annorum

203 4073 248 4113 non
264 4077 342 4129 anno,
356 4077 412 4116 non
425 4062 470 4116 die
490 4063 628 4128 laborans,
642 4063 759 4129 simplici
780 4064 868 4116 omcis
889 4068 1017 4116 sanctae2
1030 4066 1210 4119 medicamine
1228 4064 1364 4135 effugavit,
1391 4073 1418 4121 et

199 4159 277 4214 lucem
288 4162 335 4214 diu
350 4163 493 4215 absentem
505 4160 568 4214 fidei
583 4163 643 4216 luce
656 4163 806 4229 refulgens,
820 4164 944 4229 protinus
956 4165 1100 4229 reparavit.
1115 4167 1135 4217 0
1148 4171 1250 4230 quanta
1262 4167 1349 4218 virtus
1369 4181 1418 4233 per

195 4275 305 4327 cmcem,
319 4268 421 4330 quanta
440 4263 555 4316 radiavit
573 4276 619 4329 per
637 4263 812 4329 pontificem!
829 4266 857 4316 ln
877 4263 1007 4330 pontifice
1024 4265 1113 4330 pietas
1131 4266 1273 4332 regnabat,
1288 4267 1315 4318 in
1334 4280 1416 4320 cruce

142 4368 175 4420 ld
190 4368 315 4432 potestas,
329 4377 380 4416 nec
394 4365 479 4431 pietas
491 4363 638 4430 quicquam
660 4365 820 4430 profecisset
834 4364 885 4416 nisi
900 4364 926 4415 in
940 4362 994 4416 tide
1012 4365 1101 4416 crucis
1114 4363 1319 4430 praevaluisset.
1342 4367 1416 4419 Pote-

215 4563 834 4619 rcum.11.-¹utoud.b.-2om.a.-
