3082 5498
281 319 374 370 emb.
395 317 478 368 nar.
498 317 612 367 rems.
637 337 675 346 -
693 316 847 367 urrann.
867 316 913 365 ab
930 316 1008 366 oon.
1029 313 1120 366 noos.
1261 300 1328 368 379

139 495 270 557 percepto
281 484 416 541 divinitus
428 485 540 540 oraculo
551 484 691 543 attonitus,
706 485 823 538 maximo
837 489 877 538 est
888 484 1058 537 exhilaratus
1070 485 1180 553 gaudio,
1193 485 1269 553 quod
1286 485 1323 540 de

135 591 238 643 scituro
250 589 302 642 sibi
323 586 380 641 illio
394 598 514 654 superno
536 587 637 638 meruit
658 585 810 638 ammoneri
829 584 978 651 praesagio.
991 584 1060 650 Quid
1082 585 1330 654 multatcognovit

135 703 224 755 orem,
239 701 311 755 quae
320 688 397 754 juxta
408 685 518 738 divinae
531 685 721 751 promissionis
735 683 816 736 iidem
831 684 999 750 concipiens,
1011 683 1097 738 fllium
1114 685 1230 752 peperit.
1243 688 1327 740 Natus

135 801 161 841 ,·ο
173 787 267 840 inians
279 790 307 838 et
317 784 479 848 ablactatus,
493 795 596 837 nomen
608 782 697 836 eidem
715 796 731 835 a
750 781 908 848 parentibus
920 782 995 850 quod
1005 783 1073 850 jussi
1094 783 1203 837 fucrant
1215 784 1328 838 caelitus

135 887 255 952 positum
268 890 309 937 est
319 884 469 936 laurinus.

135 986 157 1037 t.
171 987 293 1049 Quorum
313 982 440 1036 videlicet
459 981 599 1049 diligentia
627 982 773 1045 enutritus,
786 981 820 1033 ad
840 980 972 1034 discenda
995 981 1161 1035 litteraturae
1181 982 1330 1036 saecularis

135 1082 240 1136 deinde
252 1081 406 1136 liberalium
427 1082 527 1134 artium
546 1081 637 1133 studia
657 1079 808 1146 applicatus
829 1081 980 1132 est.verum
1003 1080 1075 1132 idem
1098 1093 1168 1147 puer
1188 1081 1217 1132 in
1229 1081 1328 1135 eodem

135 1186 257 1252 ciplinae
279 1183 406 1238 tirocinio
426 1185 603 1249 constitutus,
616 1183 705 1247 coepit
726 1182 808 1234 etiam
821 1194 877 1234 non
890 1181 985 1234 aetatis
1007 1181 1098 1248 mede,
1112 1182 1196 1236 immo
1208 1186 1235 1235 et
1247 1181 1328 1236 intel·

137 1293 184 1338 tus
198 1284 375 1351 perspicacia,
388 1282 458 1337 adeo
479 1294 536 1335 nen
549 1282 722 1336 mediocriter
743 1279 875 1348 prolicere
887 1285 918 1333 ut
930 1281 1087 1348 plerosque,
1100 1281 1251 1348 quamlibet
1268 1294 1328 1347 pro·

135 1384 229 1436 ctioris
240 1385 321 1443 ritae,
334 1382 448 1448 peritiae
468 1394 524 1435 non
538 1382 656 1449 ignaros,
670 1380 862 1447 aequiparasse
881 1380 1030 1433 videretur.
1043 1381 1166 1448 Cumque
1186 1380 1216 1432 in
1236 1380 1328 1447 huius·

135 1483 170 1535 di
183 1483 383 1550 scripturarum
400 1480 558 1534 eruditione
578 1480 740 1546 praecipuus
752 1479 925 1534 admirationi
943 1480 1066 1533 omnium
1080 1479 1204 1545 adprime
1216 1480 1329 1533 habere·

135 1597 148 1650 ·,
160 1596 198 1636 ne
216 1582 283 1648 quid
295 1582 348 1635 sihi
364 1581 400 1635 de
420 1581 502 1644 huius
522 1579 619 1633 mundi
638 1580 724 1648 gloria
746 1579 926 1645 blandiretur,
939 1578 1040 1632 relictis
1063 1580 1216 1633 litterarum
1228 1579 1330 1647 quibus

135 1688 215 1734 lenus
226 1662 410 1734 meditabatur
421 1680 528 1747 studiis,
541 1682 697 1746 capuanam
709 1679 807 1732 urbem
818 1678 852 1731 ad
866 1679 975 1732 beatum
993 1681 1157 1733 Germanum
1169 1679 1328 1745 episcopum

135 1781 260 1847 grediens
281 1793 311 1834 se
330 1779 464 1843 contulit,
487 1785 516 1833 ut
535 1779 661 1846 baptismi
686 1778 721 1831 ab
744 1777 840 1832 eodem
862 1784 1032 1831 sacramenta
1057 1779 1218 1845 perciperet.
1243 1779 1328 1844 liujus

135 1880 232 1945 pidem
253 1879 304 1932 viri
322 1879 439 1932 celebris
459 1892 507 1944 per
528 1880 622 1932 orbern
644 1882 709 1930 tunc
726 1877 857 1942 temporis
875 1877 1007 1932 virtutum
1024 1878 1117 1944 opinio
1138 1877 1325 1941 increbuerat,

135 1979 280 2048 singularis
293 1980 383 2032 meriti
396 1979 554 2046 praeconio,
566 1992 621 2047 quo
634 1979 714 2044 longe
726 1978 835 2045 lateque
848 1978 976 2033 omnibus
988 1978 1203 2046 circumquaque
1221 1977 1327 2044 degen-

135 2092 167 2131 us
184 2080 352 2144 innotuerat,
365 2078 447 2132 etiam
469 2080 629 2132 remotiores
649 2091 774 2147 quosque
793 2084 902 2131 sanctae
922 2068 1138 2132 conversationis
1158 2077 1228 2131 lama
1246 2076 1282 2131 ad
1293 2089 1324 2132 se

135 2181 256 2231 traxerat.
982 2238 985 2244 ,

135 2274 159 2329 Β.
168 2277 206 2329 lld
228 2278 303 2330 hunc
315 2278 406 2345 itaque
425 2278 472 2330 liei
485 2277 604 2330 famulus
621 2278 710 2330 virum
723 2275 887 2330 venerabilis
905 2275 975 2328 vitae
987 2279 1162 2343 Germanum,
1176 2287 1239 2329 curn
1251 2279 1323 2329 esset

138 2387 229 2429 norum
242 2377 398 2443 duodecim,
411 2377 480 2430 clam
493 2378 651 2444 parentibus
663 2378 719 2431 suis
738 2377 911 2442 perveniens,
923 2375 1083 2442 aliquandiu
1095 2389 1187 2429 secum
1200 2388 1321 2429 commo-

135 2486 169 2527 us
179 2481 228 2529 est.
241 2478 300 2540 Quo
320 2482 460 2542 comperto
481 2477 554 2529 idem
568 2477 698 2543 pontifex,
718 2478 829 2530 beatum
842 2489 908 2529 sane
927 2476 1026 2528 Christi
1039 2475 1154 2529 militem
1166 2444 1321 2528 llanrinnm

143 2574 184 2625 sui
195 2574 365 2627 desiderium
387 2575 454 2628 tanti
467 2575 589 2629 laborem
610 2576 717 2629 itineris
728 2575 888 2642 coniecisse,
903 2575 1040 2641 simulque
1057 2575 1139 2627 etiarn
1157 2575 1187 2626 in
1198 2586 1231 2626 eo
1244 2586 1320 2639 prae·

137 2683 182 2724 rae
193 2673 295 2726 indolis
306 2679 333 2726 et
344 2673 506 2727 eruditionis
518 2674 660 2741 exemplar
677 2674 837 2743 admiratus,
851 2677 933 2728 totius
951 2675 1028 2728 illum
1040 2673 1240 2728 benedictionis
1258 2687 1320 2726 curn

135 2771 191 2825 idio
212 2773 300 2825 saneti
312 2773 427 2839 Spiritus
447 2773 635 2839 praerogativa
655 2774 815 2842 insignitum
836 2789 868 2829 ac
885 2786 964 2828 sacro
981 2774 1142 2841 baptismate
1154 2773 1319 2838 delibutum,

137 2866 296 2925 diaconatus
316 2885 379 2925 eum
399 2872 532 2926 honorem
554 2874 684 2938 provexit.
699 2875 748 2938 Qui
770 2879 875 2940 septem
893 2888 957 2928 curn
979 2888 1013 2928 eo
1031 2886 1198 2940 permanens
1218 2886 1318 2940 annos,

135 2978 202 3024 tnon
213 2985 324 3025 omnem
346 2979 457 3026 sauctae
470 2974 656 3040 philosophiae
678 2974 712 3027 ab
725 2974 824 3028 eodem
836 2975 1010 3041 disciplinam
1031 2973 1154 3040 edoctus,
1168 2974 1235 3026 tanti
1248 2973 1321 3040 apud

135 3078 158 3121 m
170 3072 278 3123 habitus
288 3077 395 3125 constat
406 3079 436 3126 ut
448 3073 595 3139 praecipua
615 3086 699 3139 penes
718 3075 806 3140 ipsum
825 3074 1004 3128 veneratione
1021 3088 1131 3141 semper
1148 3079 1274 3140 ageretur
1290 3086 1322 3126 ac

135 3179 249 3236 lgeeum
269 3172 414 3239 semetipso
436 3173 541 3225 meritis
561 3174 731 3239 superiorem
755 3173 938 3240 prollteretur,
952 3188 1034 3241 quem
1056 3175 1188 3229 Dominus
1209 3173 1237 3226 in
1260 3174 1320 3239 ipso

135 3266 248 3322 imaevae
261 3272 356 3323 aetatis
367 3273 488 3337 auspicio
500 3277 554 3324 tam
568 3272 736 3338 probabilem
749 3272 801 3324 sibi
820 3272 855 3326 ad
873 3271 998 3326 militiam
1017 3274 1149 3327 lamulnm
1162 3272 1318 3338 delegisset.

135 3368 161 3420 4.
180 3367 232 3421 Sed
255 3382 311 3421 non
332 3383 429 3435 passus
451 3370 613 3437 lledemptor
634 3376 728 3424 noster
751 3372 859 3424 easdem
884 3384 953 3438 quas
976 3371 1159 3437 praediximus
1183 3369 1321 3433 lucernas,

135 3480 257 3520 mianum
270 3468 373 3522 scilieet
384 3470 540 3534 episcopum
553 3475 581 3522 et
593 3471 721 3523 athletam
739 3484 819 3523 suum
837 3471 1000 3536 llaurinum,
1014 3472 1097 3524 unius
1109 3471 1159 3524 loci
1179 3474 1322 3523 contentos

136 3568 210 3621 hone
228 3568 331 3633 pariter
352 3570 525 3629 commorari,
544 3571 644 3635 quippe
666 3571 712 3636 qui
734 3575 762 3623 et
781 3571 810 3621 in
833 3571 948 3623 diversis
964 3575 1101 3624 terrarum
1122 3570 1189 3624 loeis
1208 3569 1321 3622 obtentu

135 3671 202 3719 ictae
214 3668 424 3732 praedicationis
437 3669 562 3734 plurimis
575 3670 668 3722 lucere
680 3671 840 3735 potuissent,
854 3671 973 3737 quadam
985 3675 1065 3724 necte
1078 3671 1150 3723 idem
1164 3671 1204 3722 vir
1215 3669 1322 3724 bomini

135 3779 245 3818 rmanus
265 3765 359 3820 divino
380 3767 539 3833 perhibetur
563 3782 695 3834 responso
717 3770 892 3833 ammonitus,
906 3770 1036 3836 quatinus
1056 3771 1219 3833 llaurinum,
1242 3782 1321 3822 suum

137 3871 163 3918 tc
175 3864 354 3931 discipulum,
367 3867 487 3919 remittat
498 3866 531 3919 ad
545 3868 663 3933 propria,
679 3869 743 3934 quia
757 3868 902 3922 multitude
915 3869 1008 3936 populi
1021 3869 1170 3935 peripsum
1183 3867 1321 3922 creditura

135 3965 270 4017 :hristum
283 3965 361 4018 toret.
375 3968 497 4032 Cumque
516 3966 633 4032 idipsum
656 3980 736 4020 mane
756 3968 902 4034 episcopus
920 3969 1026 4022 diaconi
1039 3968 1197 4032 [hlausisset
1209 3968 1237 4019 in
1249 3967 1320 4021 auri·

135 4080 148 4128 r,
163 4077 222 4117 non
240 4076 329 4130 aequo
349 4065 441 4118 animo
462 4066 560 4117 Christi
582 4066 700 4119 ramulus
721 4072 748 4119 et
769 4068 850 4120 levita
872 4068 1060 4120 sanctissimus
1079 4080 1150 4134 quae
1171 4067 1319 4121 abeodem

135 4165 340 4229 lierataccepit,
353 4165 427 4230 quod
449 4178 562 4218 necesse
584 4164 698 4219 haberet
717 4173 834 4233 uterque
854 4167 1021 4219 abinvicem
1037 4167 1180 4233 disparari,
1201 4179 1319 4233 quorum

146 4265 241 4316 iuerat
253 4263 281 4314 in
294 4267 404 4327 sanctae
416 4266 630 4318 conversationis
643 4265 785 4319 honestate
797 4267 951 4332 persistere.
965 4268 1081 4331 Accepta
1099 4265 1214 4332 preinde
1229 4265 1320 4318 diaco-

162 4361 319 4415 saoerdotis
348 4363 537 4417 benedictione
565 4378 596 4416 ac
626 4366 727 4418 mutuis
751 4366 911 4419 alterutrum
936 4366 1107 4432 amplexibus
1133 4366 1318 4431 inhaerentes,

135 4472 141 4515 t
156 4474 219 4515 non
232 4461 361 4513 minimas
375 4462 402 4513 in
415 4461 556 4515 redeundo
570 4476 638 4528 quas
649 4478 797 4530 perpessus
818 4471 859 4519 est
877 4478 1045 4534 paganorum
1068 4465 1191 4530 insidias,
1205 4463 1239 4516 ad
1258 4477 1332 4530 pro·-

135 4586 137 4615 ι
152 4559 271 4616 mndcm
281 4561 394 4628 juvante
406 4564 459 4617 beo
472 4570 515 4617 est
525 4576 661 4620 reversus.
