3076 5498
161 101 225 167 184
507 115 635 167 aaran.
654 115 757 167 canu.
776 115 949 167 moroan.
969 115 1047 188 mr.

255 283 295 360 8⁰
312 282 455 384 [Passio
474 282 598 360 sancti
616 281 813 359 laurentii
832 282 1001 387 diaconi]
1018 281 1097 383 (iol.
1119 280 1311 380 atr-llus

168 422 171 430 ’
188 417 280 471 ΙιιῑίΙα
292 416 396 470 desinit
408 416 437 469 iu
449 416 540 469 verbis
552 417 614 482 lino
625 415 751 482 quidem
768 416 893 482 manua
905 418 1018 484 [apo]...
1031 418 1191 481 (lambrit,
1207 416 1254 470 iol
1266 419 1317 482 ὅθ’,
1325 416 1384 468 cal

158 518 174 568 2
189 517 280 580 extu).

257 616 297 692 9⁰
326 615 410 693 Vita
440 615 563 693 sancti
593 616 796 717 Augustini
841 615 1016 716 episcopi
1048 615 1323 717 Hipponensis,
1355 640 1395 692 ε

307 739 421 817 beato
446 739 623 817 Possidio
648 739 753 817 edita
785 739 999 818 calamensi
1038 740 1240 841 episcopo,
1273 739 1395 840 quod

307 870 365 941 est
382 888 403 940 v
421 862 606 941 kalendas
624 863 858 965 septembris
871 863 949 962 (fol.
970 863 1193 962 96l-l3l‘lf

473 1280 681 1392 Appendix
711 1280 761 1368 ud
791 1279 874 1371 cod.
910 1280 1061 1370 13220.

309 1498 402 1562 Finis
419 1498 528 1563 Vnus
545 1497 579 1564 S.
599 1498 778 1565 Gaunurm
794 1497 874 1581 (Cir.
894 1518 1006 1584 supra,
1028 1519 1060 1585 p.
1091 1501 1167 1580 183,
1187 1497 1247 1587 4⁰).

191 1683 216 1732 1.
231 1681 298 1735 cum
311 1694 376 1735 sero
401 1681 525 1734 conversi
546 1694 644 1735 ornnes
655 1680 690 1734 ad
711 1681 856 1735 Dominum
877 1681 995 1735 inissent
1016 1687 1043 1735 et
1055 1682 1196 1748 baptisati,
1219 1682 1394 1749 praedicar:

158 1779 211 1832 illis
222 1785 253 1832 ut
264 1780 439 1832 destruerent
448 1779 549 1845 templa
561 1779 779 1844 daemoniorum,
789 1779 885 1832 dircns
897 1779 937 1832 eis
946 1779 1102 1845 psalmistae
1114 1780 1198 1833 David
1208 1779 1383 1833 vaticinium

158 1880 309 1940 moniam
330 1891 434 1933 omues
458 1878 507 1931 dii
523 1879 664 1944 nentium
686 1879 862 1944 domnonia,
886 1878 1035 1934 Dominus
1057 1881 1165 1933 auum
1178 1881 1280 1934 caelas
1295 1877 1394 1946 fecit

18 1969 94 2024 'Sia
153 1983 229 2033 lunc
239 1980 357 2032 universi
372 1979 472 2044 populi,
486 1978 652 2044 dissipantes
674 1979 801 2031 universa
811 1979 957 2032 simulacra
969 1979 1189 2043 daemoniorum,
1205 1976 1391 2047 redigerunt·

158 2078 289 2146 usquead
303 2078 453 2144 pulverem.
466 2080 541 2130 Tunc
554 2083 665 2130 sanctus
677 2077 845 2144 denutritas,
860 2078 1028 2131 benedicens
1040 2091 1154 2132 omnem
1163 2080 1301 2147 populum.
1310 2074 1393 2130 dixit

159 2177 199 2230 eis
211 2194 219 2231 :
232 2176 459 2244 Sanctiflmtis
470 2189 586 2230 manus
597 2179 720 2229 vestras
732 2176 871 2243 Domino,
884 2176 1079 2231 destruentes
1098 2189 1197 2246 opera
1216 2177 1383 2233 diabols'ca.

158 2275 250 2330 Nunc
262 2276 361 2342 ipitur
367 2278 564 2343 praeparate
576 2276 672 2329 corda
684 2278 714 2329 et
734 2288 867 2343 corpora
888 2278 992 2330 vestra
1015 2278 1053 2329 ut
1069 2278 1244 2347 aedificetis
1255 2277 1377 2333 Domina

159 2377 292 2442 Deo,qui
302 2372 377 2443 fecit
388 2375 512 2428 caelum
523 2376 553 2428 et
566 2377 684 2428 terram
696 2378 725 2428 et
738 2375 773 2427 in
785 2387 874 2442 quem
883 2376 1079 2444 creditisper
1088 2389 1138 2431 me
1146 2391 1270 2432 surum
1277 2386 1366 2438 muln,

158 2475 284 2528 domum
296 2473 330 2527 in
351 2487 412 2540 qua
433 2485 545 2527 namen
566 2473 633 2539 en'us
649 2485 771 2541 semper
791 2473 994 2528 benedicatur
1013 2477 1045 2529 at
1064 2475 1218 2531 adoretur
1235 2478 1361 2543 maiestm
1374 2462 1393 2517 ¹⁴

159 2574 226 2640 ejus
237 2573 399 2627 tremencia
411 2575 441 2627 el
453 2574 634 2626 reseranda
646 2574 741 2640 atque
753 2573 905 2639 amanda,
916 2586 1037 2630 necnon
1043 2578 1149 2630 sancti
1156 2576 1301 2646 Stephani
1305 2584 1358 2644 pre

105 2740 107 2745 y
159 2672 339 2737 tomartyris
355 2671 479 2737 Christi,
494 2672 548 2738 qui
560 2671 679 2725 Filium
698 2672 754 2725 Dei
765 2671 871 2726 videre
887 2674 1004 2726 meruit
1025 2675 1069 2727 ad
1089 2675 1254 2730 deuterum
1273 2673 1357 2730 Patra

158 2775 302 2838 stantem,
314 2773 379 2826 sive
390 2772 529 2825 omnium
541 2774 730 2839 martyrum,
750 2773 787 2824 ut
797 2772 830 2824 in
854 2773 925 2839 ipsa
945 2775 1139 2829 conveniatis
1157 2780 1247 2831 nocte
1265 2789 1299 2831 ac
1316 2772 1358 2838 dit,

159 2872 360 2938 deprecantes
371 2869 622 2923 misericordiam
629 2869 680 2937 pii
696 2869 878 2936 conditoris,
892 2871 945 2938 qui
956 2885 1009 2926 vos
1024 2873 1158 2928 redemit
1176 2888 1233 2929 suo
1251 2874 1361 2942 pretiosa

159 2969 322 3037 sanquine.
335 2970 523 3036 Domumque
534 2969 700 3037 aedificate
713 2969 746 3021 in
758 2967 905 3024 hamran
917 2971 1021 3026 sanati
1039 2972 1195 3028 iohannis
1214 2974 1363 3043 Baptistae,
1374 2966 1393 3021 ll

160 3072 195 3124 ut
206 3069 288 3122 sicut
300 3069 356 3121 ille
368 3080 453 3134 aqua
475 3068 553 3121 lavit
573 3070 733 3122 auctorem
758 3068 932 3131 Dominum,
955 3071 1001 3125 sic
1022 3071 1067 3125 ibi
1089 3073 1238 3127 laventur
1256 3074 1367 3142 peaema

154 3170 345 3238 popularum
357 3170 387 3220 et
398 3167 574 3234 baptizetur
586 3167 687 3220 omnis
699 3168 979 3236 unimammas,
998 3172 1143 3226 virorum
1153 3186 1194 3229 ac
1205 3176 1370 3228 mulierum

158 3267 309 3323 Similiter
334 3266 500 3335 aedificate
532 3267 658 3320 domum
676 3267 710 3319 in
732 3266 847 3322 honore
866 3268 975 3323 beatae
994 3271 1050 3323 Dei
1067 3273 1235 3338 penitricis
1255 3275 1373 3337 Marias,

160 3370 294 3435 quaeest
306 3366 480 3420 mediatrix
493 3367 576 3419 inter
587 3378 644 3419 nos
655 3370 685 3419 et
707 3368 812 3434 Deum
832 3370 868 3420 ut
888 3368 966 3436 ipsa.
979 3383 1099 3439 semper
1114 3385 1176 3440 pro
1187 3373 1272 3429 vobis
1283 3374 1376 3443 depre·

23 3471 29 3489 ⁸
43 3470 99 3523 sic.
159 3469 246 3521 cetur
259 3466 382 3519 Domini
393 3466 601 3531 clenentiam,
623 3468 656 3518 ul
667 3467 783 3534 eripiat
795 3468 921 3521 animas
932 3473 1055 3523 vestras
1064 3471 1103 3524 de
1109 3478 1244 3539 poenas·
1257 3473 1378 3543 infensi.
1390 3472 1392 3521 t

158 3564 308 3620 Similiter
320 3563 483 3633 aedificate
495 3563 658 3617 ecclesiam
670 3564 704 3615 in
725 3563 840 3619 honore
860 3565 943 3620 beati
963 3568 1052 3620 Petri
1063 3569 1228 3639 principis
1240 3574 1382 3641 apostolo

158 3676 242 3729 rum,
254 3662 372 3730 ulpius
386 3661 533 3714 Dominus
555 3661 774 3716 absolvereaas
788 3662 935 3730 dipruelnr
940 3677 1001 3733 per
1018 3666 1276 3725 intercessionem
1288 3673 1353 3738 &aas
1368 3685 1386 3725 a

158 3763 278 3817 cuncus
286 3763 426 3830 peccatis
437 3765 467 3815 et
482 3761 704 3828 iniquitatibus
718 3763 840 3828 vestris,
862 3765 938 3832 quia
959 3766 1120 3836 Dominus,
1133 3769 1192 3836 qui
1202 3774 1293 3827 solus
1306 3773 1388 3828 halet

154 3867 337 3933 patestatem
350 3863 524 3918 luminibus
536 3863 717 3917 dimittendi
723 3870 865 3934 peccata,
879 3867 965 3921 discit
982 3868 1036 3921 illi
1047 3887 1056 3923 :
1080 3869 1305 3941 Ottaecumque
1318 3876 1387 3941 lipa-

158 3963 240 4017 aeris
251 3975 346 4030 super
359 3964 487 4029 terram,
501 3963 560 4015 erit
570 3963 704 4028 linctum
716 3962 751 4016 in
762 3965 879 4031 caetis,-
891 3968 921 4019 et
932 3970 1291 4036 quaecumquesolveris
1300 3987 1389 4042 super

158 4065 287 4130 terram,
300 4061 361 4114 erit
373 4061 512 4114 solutum
526 4063 680 4115 incaelis.

194 4161 225 4213 2.
240 4162 285 4214 llis
297 4162 332 4214 ita
351 4162 473 4226 patratis,
494 4161 559 4213 iecit
578 4162 722 4215 convocari
743 4169 853 4216 sanctus
877 4166 1037 4232 Genulphus
1056 4180 1169 4222 omnem
1192 4174 1330 4239 populum
1347 4173 1391 4241 qui

22 4258 97 4314 'sic
160 4261 286 4314 inventus
298 4266 339 4313 est
352 4262 378 4312 in
392 4262 487 4314 tatum·
500 4261 629 4314 comitatu
650 4263 871 4329 Geturnicensis',
885 4278 901 4318 a
913 4267 1016 4333 majore
1037 4258 1125 4334 usque
1144 4270 1181 4322 ad
1202 4273 1352 4335 minorem,
1368 4280 1391 4327 et

160 4360 292 4428 praedixit
304 4360 357 4412 illis
368 4365 503 4413 utomnes
516 4366 609 4414 essent
621 4362 705 4427 parati
727 4362 761 4414 ad
781 4363 982 4419 dedicationem
1000 4366 1184 4424 ecelesiarum
1206 4372 1254 4426 Dei
1278 4374 1309 4428 iu
1321 4374 1390 4428 diem
