3076 5498
261 322 354 372 omn.
373 321 459 371 nar.
478 320 596 370 ranis.
615 319 827 370 ——areurvn
846 319 893 369 an
911 320 989 370 coo.
1010 319 1100 370 11749.
1242 309 1284 374 31

94 490 124 555 sit,
134 491 192 558 quod
202 491 308 544 scilicet
320 490 492 556 iniquissime
504 489 670 542 detraxisset
681 490 737 556 regi
751 490 948 557 Theognostus.
962 491 995 543 iit
1011 491 1061 557 ilii,
1075 491 1193 558 acceptis
1205 492 1288 546 donis

92 589 177 654 edict,
199 591 280 642 simul
302 601 365 642 cum
385 590 519 642 dorotheo
541 588 759 641 verbosabantur
779 589 1001 655 Theognostum,
1024 589 1287 644 anathematizantes

94 689 218 754 umedpsos
230 695 257 740 et
266 689 391 754 jurantes
404 700 435 740 se
446 686 587 740 auditores
600 686 684 739 fnisse
702 688 839 752 pessimae
851 688 1029 741 detractionis
1041 690 1160 757 Augusto
1173 690 1261 743 iactae
1272 703 1287 743 a

93 786 239 851 liugnoslo,
253 790 280 839 et
292 786 433 852 iniquitas,
445 789 477 837 ut
488 785 619 865 scriptum
638 792 688 850 est,
708 786 821 838 mentita
839 791 882 838 est
898 781 960 838 sibi.
978 788 1012 839 At
1028 788 1167 852 praefatus
1179 793 1290 841 sanctus

68 885 200 939 ilolannes
211 898 288 938 more
300 885 379 939 solito
400 883 553 937 secundum
566 896 662 937 omnes
683 897 774 937 sacras
790 885 940 952 scripturas
949 884 1156 953 dogmatizabat,
1170 886 1266 940 dicens
1281 902 1288 939 :

98 982 180 1038 lamas
193 984 332 1040 Christus
344 982 525 1038 convincere
534 982 642 1036 omnia
653 981 741 1051 falsa
751 983 929 1037 testimonia
937 985 1130 1039 ludaeorum
1139 985 1291 1039 adamus

92 1095 116 1134 rs
129 1084 197 1138 duta
215 1087 245 1138 et
265 1083 443 1151 asperima
463 1081 502 1135 ab
520 1082 565 1136 eis
583 1081 678 1136 illata
689 1082 749 1135 sibi
766 1082 955 1150 eoesnrpara
963 1083 1124 1151 patienter
1135 1084 1290 1151 snffmens

92 1181 171 1250 tacui,
183 1185 210 1235 et
229 1181 307 1235 obiit
325 1184 442 1249 sponte,
456 1193 494 1235 aa
514 1181 695 1234 resurreaait
707 1184 854 1248 potenter
865 1184 1027 1249 castosque
1044 1183 1291 1250 cmmcenditpro

10 1319 12 1339 ,
94 1279 171 1335 saliae
187 1284 214 1334 et
231 1280 297 1334 vita
309 1259 464 1347 perpetua
477 1292 538 1346 per
555 1293 589 1332 se
605 1279 713 1332 danda
725 1279 831 1346 dignis
848 1293 887 1333 ea
898 1279 1103 1334 existentibus
1115 1280 1291 1334 bominibus

10 1354 12 1399 ¹
58 1377 120 1430 itae
136 1378 222 1433 debita
245 1378 306 1432 sibi
327 1379 430 1445 azaria
448 1382 601 1446 perperna
624 1380 750 1432 laetari.
777 1381 874 1432 Beatus
898 1393 1009 1447 quoque
1032 1382 1222 1449 theognostus
1242 1393 1292 1447 pro

93 1477 175 1534 adulo
187 1492 234 1532 suo
249 1478 386 1532 Christum
399 1479 544 1532 bominum
557 1479 677 1541 imitans,
696 1478 778 1546 elegit
789 1479 1003 1532 innumerabilia
1022 1480 1095 1553 mala⁸
1105 1481 1159 1546 pati
1172 1493 1186 1533 a
1201 1492 1292 1546 perse-

93 1579 208 1640 quentibus
227 1592 268 1642 se,
291 1591 324 1631 ac
345 1577 539 1645 longanimiter
564 1579 676 1644 pertulit
698 1592 748 1644 pro
769 1591 834 1631 vera
854 1579 988 1632 catholica
1012 1579 1076 1647 tide,
1095 1581 1293 1646 concupiscens

92 1682 276 1745 eupulansque
296 1690 346 1745 per
366 1678 437 1730 banc
456 1678 573 1731 salutem
593 1678 732 1744 vitamque
753 1691 905 1744 perennem
923 1691 1019 1745 capere
1038 1692 1054 1732 a
1072 1681 1127 1732 beo
1144 1679 1196 1732 sibi
1212 1684 1294 1746 atque

92 1771 212 1830 innumeris
224 1765 426 1845 praeparatam.
438 1779 504 1830 llam
518 1784 546 1830 et
558 1776 723 1844 imperatore
735 1778 814 1844 irato,
828 1778 917 1831 ablata
930 1784 972 1831 est
983 1779 1074 1832 omnis
1091 1778 1205 1833 facultas
1223 1781 1293 1847 ejus,

58 1869 239 1942 {tediatusque
262 1882 305 1928 est
334 1875 369 1928 dc
397 1876 505 1928 civitate
532 1875 609 1940 ipsa;
629 1880 658 1927 et
679 1877 811 1929 remansit
833 1877 862 1928 in
886 1889 919 1929 ea
942 1877 1044 1944 conjux
1069 1877 1143 1929 illius
1167 1877 1293 1944 undique

92 1979 242 2040 cungustata.
255 1975 305 2039 oui
319 1988 436 2042 pergens
450 1974 613 2037 inexilium,
627 1974 774 2028 defunctus
787 1980 837 2028 est.

116 2069 361 2128 28.llisertusvero
373 2076 509 2142 Augustus
529 2073 640 2127 mulieri
661 2075 758 2128 viduae
779 2076 814 2127 ab
835 2087 868 2127 eo
887 2075 1009 2138 relictae,
1021 2074 1125 2127 dimisit
1136 2075 1175 2127 illi
1187 2076 1289 2129 baben·

95 2165 178 2226 dumde
189 2175 258 2241 egris
270 2174 323 2226 viri
335 2173 377 2226 sui
390 2186 486 2241 agrum
502 2187 589 2225 unum
604 2175 743 2227 vineatum
763 2173 796 2226 ad
820 2175 999 2227 nutriendum
1018 2188 1066 2240 se;
1088 2176 1135 2242 qui
1158 2188 1223 2243 ager
1234 2180 1295 2228 erat

95 2266 218 2325 tirtamare
230 2286 316 2340 prope
337 2273 445 2335 urbem,
467 2272 618 2325 adhaerens
640 2273 775 2340 imperiali
796 2286 870 2342 agro.
892 2273 931 2326 Ad
951 2287 1033 2340 quem
1059 2274 1178 2340 regalem
1197 2287 1292 2342 agmm

60 2361 83 2414 ἵ)
96 2375 173 2430 messa
183 2371 227 2424 ivit
239 2372 334 2439 regina
346 2370 477 2437 Eudoxia,
491 2385 560 2425 uxor
572 2373 644 2438 regis
655 2372 774 2430 Arcadii.
788 2377 911 2438 tempore
923 2373 1089 2436 vindemiae,
1102 2378 1185 2439 atque
1197 2372 1291 2440 inspe-

95 2464 238 2532 n'loptimam
258 2469 359 2524 viduae
379 2471 497 2523 vineam.
520 2473 605 2534 Quam
627 2472 843 2537 complacentem
869 2472 921 2524 sibi
944 2473 1032 2524 statim
1055 2473 1178 2539 ingressa
1198 2477 1239 2525 est
1260 2475 1288 2525 et

97 2562 210 2634 adniuta3
222 2569 425 2637 abscidensque
442 2584 474 2624 ex
487 2583 519 2624 ea
531 2572 641 2624 botrum
653 2570 687 2624 de
700 2572 805 2640 magnis
817 2585 913 2638 unum,
925 2571 1041 2639 gustavit
1056 2572 1195 2639 gaudens;
1209 2572 1288 2637 cujus

98 2671 253 2736 uorutgustu
271 2669 403 2722 delectata
416 2672 457 2722 est
467 2668 556 2736 rauce,
569 2668 670 2722 delicto
683 2670 827 2723 ablationis
840 2670 936 2723 vineae
945 2671 1030 2736 ipsius
1040 2675 1119 2736 capta
1128 2675 1170 2723 est
1186 2674 1287 2723 mente.

99 2757 145 2814 illo
153 2767 214 2832 quod
225 2772 303 2822 retus
313 2769 408 2836 bostis,
417 2769 464 2835 qui
472 2771 541 2822 Evae
552 2769 652 2822 vetitae
661 2770 690 2821 in
698 2768 825 2835 paradiso
839 2768 946 2822 arboris
958 2769 992 2822 ad
1002 2770 1167 2822 vescendum
1180 2782 1291 2823 suavem

64 2851 150 2912 &etad
162 2867 301 2921 ridendum
313 2868 460 2934 pulchrum
480 2869 643 2921 existentem
662 2868 780 2921 fructum
801 2869 830 2920 in
850 2868 1000 2935 primordio
1022 2868 1117 2921 mundi
1138 2867 1222 2922 edere
1242 2881 1292 2935 per

10 3022 12 3025 ¹
100 2967 216 3023 amenum
225 2967 344 3033 seduxit,
355 2968 427 3020 idem
440 2981 488 3032 per
499 2981 624 3034 saporem
634 2981 702 3021 uvae
711 2967 801 3020 simile
810 2968 993 3020 immisitltuic
1003 2968 1111 3021 mulieri
1122 2967 1292 3021 desiderium

10 3043 14 3137 Τ
100 3053 290 3119 &lucrandam
307 3068 417 3119 vineam
437 3067 545 3120 viduae.
560 3068 644 3130 Quam
655 3069 754 3120 tollens
768 3069 803 3133 vi,
815 3081 912 3121 novam
923 3069 1037 3134 insuper
1054 3068 1141 3136 legem
1165 3068 1290 3131 instituit,

11 3216 17 3224 ‚
100 3154 171 3222 (tuille
181 3165 249 3230 quod
261 3167 398 3218 alienatus
411 3179 473 3218 esse
495 3166 609 3220 deberet
628 3168 758 3220 dominus
778 3170 835 3235 agri
858 3168 891 3220 ab
913 3181 945 3221 eo
967 3181 1032 3232 agro
1045 3182 1077 3220 ex
1090 3181 1145 3233 quo
1158 3166 1292 3233 imperiali

15 3317 17 3319 ¹
100 3262 158 3309 minu
167 3261 260 3317 tructus
272 3265 359 3318 lectus
379 3266 475 3318 luisset
496 3279 527 3318 ac
548 3267 631 3333 regali
653 3281 701 3320 ore
722 3274 869 3333 comestus,
892 3272 919 3318 et
941 3266 1106 3320 titulandum
1120 3279 1180 3318 esse
1193 3266 1294 3331 palatio

10 3415 20 3422 d
44 3394 47 3401 a
64 3346 89 3396 ³⁰
102 3356 187 3414 etllttiem
199 3376 292 3431 agmm
304 3381 312 3430 ;
326 3366 396 3417 banc
408 3367 522 3431 insuper
541 3379 618 3419 suam
640 3367 751 3420 notitiae
770 3367 911 3420 bominum
925 3379 1024 3419 novam
1037 3365 1210 3432 iniquitatem
1224 3366 1294 3417 sicut

16 3442 20 3521 Α·
98 3453 197 3513 ictuum
209 3463 296 3529 legem
315 3462 456 3516 diffamare
469 3466 617 3532 praecepit,
630 3468 707 3532 quasi
731 3470 808 3519 vetus
823 3479 837 3519 a
856 3465 1084 3532 praecedentibus
1106 3464 1215 3532 regibus
1232 3478 1295 3518 con·

14 3609 16 3629 ἶ
97 3547 163 3606 stituta
172 3559 209 3612 lex
220 3567 301 3614 esset.
315 3565 399 3616 Porro
412 3564 466 3629 egit
478 3565 529 3617 boc
542 3565 636 3631 iniqua
653 3566 753 3617 mulier
771 3566 867 3617 similis
878 3565 995 3629 lezabel,
1009 3569 1039 3617 ut
1052 3565 1184 3617 revelaret
1196 3564 1293 3630 nequi·

95 3644 213 3712 tiamsuam
225 3662 392 3726 bominibus,
405 3676 488 3728 quam
511 3677 561 3716 nec
584 3667 637 3717 beo
659 3678 749 3730 neque
767 3666 869 3717 sanctis
891 3664 1018 3717 revelare
1036 3665 1153 3717 valebat.
1170 3663 1292 3716 Audiens

10 3790 13 3803 .
94 3746 285 3822 illudquoniam
297 3773 403 3827 agrum,
422 3761 522 3828 dequo
535 3763 652 3826 vivebat,
674 3765 776 3829 injusto
796 3764 902 3829 judicio
926 3763 1084 3828 imperatrix
1106 3762 1226 3827 abstulit,
1241 3775 1292 3814 nec

44 3847 75 3902 Β
90 3846 304 3925 vitiisresistere,
318 3859 377 3910 viro
391 3859 436 3909 bei
449 3861 639 3925 chrysostomo
651 3862 780 3928 iohanni,
799 3862 845 3927 qui
859 3870 918 3913 erat
935 3861 1053 3913 dilectus
1067 3861 1138 3928 regis
1151 3859 1291 3925 ejusdem-

90 3953 249 4020 didragmae,
263 3969 314 4021 per
326 3956 454 4022 scriptam
468 3964 495 4010 et
507 3960 618 4012 missam
633 3960 753 4012 tabulam
772 3960 972 4013 vociferabatur
985 3959 1095 4012 delendi
1110 3973 1139 4011 se
1153 3958 1187 4011 ab
1200 3959 1295 4025 iniqua

87 4048 185 4115 Augusta
198 4055 369 4120 opprimente
385 4069 425 4121 se,
439 4061 467 4108 et
483 4071 544 4110 cum
562 4059 681 4111 lacrimis
703 4060 796 4111 multis
809 4060 872 4111 talia
885 4059 1043 4111 clamitabat
1063 4073 1069 4109 ε
1089 4056 1225 4124 Defende
1236 4070 1294 4123 me,

83 4152 193 4218 apator,
206 4152 243 4205 ab
255 4154 444 4208 adversante
455 4169 503 4208 me
521 4157 730 4224 imperatrice.
745 4159 806 4211 Per
831 4158 1008 4211 doctrinam
1030 4160 1117 4209 tuom
1138 4155 1293 4210 Christum

78 4249 229 4302 Dominum
248 4255 412 4305 aeternnm
434 4255 489 4306 Dei
500 4256 604 4321 fitium
621 4258 793 4310 secandum
811 4257 1018 4322 divinitatem,
1032 4269 1094 4308 nan
1111 4257 1293 4308 creaturam

17 4357 55 4411 ιο
73 4348 248 4402 cenantem
260 4351 426 4419 confitente
442 4354 509 4406 viro
522 4368 596 4422 ineo,
612 4369 672 4422 per
684 4357 821 4409 arianae
838 4355 998 4409 tiaereseos
1012 4358 1202 4420 sectatorem,
1217 4353 1292 4406 vali·

67 4445 193 4500 dissime
212 4448 366 4501 odientem
390 4455 613 4516 nos,cnnctam
637 4453 847 4506 substantiam
864 4454 1073 4521 perdidimus,
1098 4455 1127 4504 et
1145 4465 1206 4518 pro
1230 4452 1293 4517 fide

67 4545 184 4601 Christi
203 4546 252 4598 cir
272 4559 358 4600 meus
387 4547 421 4600 in
438 4550 577 4604 alienam
593 4551 737 4618 patriam
762 4554 871 4607 nolens
892 4554 1004 4606 ductans
1027 4554 1056 4605 et
1080 4554 1231 4618 mortuas,
1254 4562 1292 4603 ac
