3076 5498
283 349 379 398 erec.
399 348 482 398 nar.
501 347 618 396 eners.
636 367 681 379 -
697 347 851 398 menno.
872 349 919 397 nu
935 348 1013 398 ooo.
1035 347 1126 400 liant.
1266 337 1331 402 241

130 513 172 571 lon
186 519 237 573 sola
265 519 419 587 vigiliarum
442 518 594 585 prolixitate
616 530 726 571 earnem
747 520 923 584 attenuabat,
946 519 993 573 sed
1015 522 1128 587 insuper
1152 535 1184 575 ex
1206 523 1329 577 interiori

130 616 200 672 rdorc
209 619 321 685 spiritus
333 617 443 671 damma
454 618 573 670 exterius
586 617 747 683 resultante,
761 630 873 672 carnem
886 618 973 685 ipsam
992 620 1065 674 velut
1078 621 1106 673 in
1116 620 1234 688 quadam
1249 622 1329 677 frixo·

130 712 153 768 ia
163 716 336 784 decoquebat.

142 814 288 869 alteritus
299 819 359 868 erat
370 814 407 868 ad
419 827 531 868 carnem
543 815 642 880 cilicio,
654 827 711 868 non
724 815 813 868 solum
826 816 966 868 camisiam
977 820 1004 869 et
1013 817 1154 871 femoralia
1166 817 1214 871 sed
1227 822 1255 871 et
1266 819 1330 872 cali·

130 921 154 965 es
164 915 275 968 babebat
286 914 407 979 cilicina,
420 920 450 966 ut
461 913 568 966 clarum
589 915 665 967 clavo
678 913 839 968 retunderet
860 921 887 967 et
899 915 1078 981 petitionibus
1091 917 1253 983 reprimeret
1265 918 1330 984 peti-

130 1024 200 1067 ones.
215 1014 339 1067 becrerit
351 1013 426 1065 enim
438 1024 550 1066 carnem
562 1012 746 1067 exterioribus
759 1012 934 1081 pungendam
952 1015 1063 1083 aculeis,
1083 1021 1113 1068 ut
1125 1029 1185 1070 eam
1197 1017 1243 1070 tali
1256 1030 1330 1071 coer·

130 1113 200 1167 tione
211 1114 393 1181 restringeret
404 1126 440 1166 ne
453 1113 481 1165 in
490 1113 639 1166 laesionem
650 1113 763 1179 spiritus
775 1114 903 1166 vitiorum
914 1115 1025 1168 aculeos
1042 1119 1181 1183 tamquam
1200 1118 1293 1184 spinas
1305 1124 1333 1171 et

130 1211 214 1266 ibulos
234 1213 422 1278 multiplieiter
440 1212 615 1279 germinaret.
638 1211 798 1265 Abstinebat
809 1213 844 1265 ab
865 1226 914 1265 esu
935 1214 1069 1281 carnium,
1089 1219 1170 1267 utens
1190 1215 1254 1269 vino
1275 1230 1332 1270 non

130 1326 236 1380 mquam
249 1316 314 1379 potu
328 1313 376 1366 sed
385 1316 525 1380 tamquam
538 1311 685 1377 medicina,
697 1317 723 1365 et
736 1314 775 1365 sic
787 1327 816 1365 se
828 1316 990 1380 temperavit
1001 1316 1035 1369 ab
1050 1315 1188 1369 alimentis
1205 1317 1335 1370 omnibus

140 1425 253 1465 carnem
266 1413 391 1465 ciborum
404 1411 580 1464 nutrimentis
594 1424 650 1464 non
663 1411 758 1479 aleret,
773 1411 820 1464 sed
835 1414 925 1478 potius
936 1414 1127 1468 consolaretur
1139 1428 1174 1468 ne
1191 1415 1330 1484 deiiceret,

130 1514 224 1567 asine
246 1513 337 1566 imctu
356 1512 432 1565 carni
453 1511 623 1565 ministrabat
644 1511 755 1576 cibaria,
787 1512 878 1566 sciens
900 1515 1031 1580 quoniam
1049 1527 1160 1568 serrum
1179 1528 1235 1568 non
1257 1517 1336 1569 decet

130 1611 232 1667 iositas.
254 1612 379 1666 Addebat
402 1619 495 1666 autem
516 1625 586 1678 opus
608 1616 635 1665 et
656 1611 840 1679 disciplinam,
863 1613 937 1678 quod
957 1614 1089 1691 scqiptnm
1111 1618 1173 1667 est:
1196 1614 1332 1681 biberim

130 1725 178 1766 tace
189 1715 220 1766 et
231 1712 323 1780 oirpa
335 1711 486 1765 debentne·
498 1711 599 1778 asina
614 1712 713 1778 panis
734 1714 764 1764 et
784 1711 956 1779 disciplina
969 1716 999 1767 et
1018 1726 1096 1780 opus
1108 1725 1206 1767 seraa
1219 1715 1334 1782 annm

140 1814 245 1865 torum
257 1813 395 1866 careant
405 1811 523 1866 collam
544 1809 662 1863 darum
681 1812 714 1863 et
727 1823 854 1863 omnam
875 1810 1030 1865 indurant
1041 1811 1237 1879 operationes
1249 1811 1328 1865 assi-

130 1925 192 1965 cae.
206 1912 334 1965 &num
345 1910 531 1964 malivolum
550 1912 673 1963 taratra
693 1912 724 1963 et
743 1909 903 1977 compedes
916 1911 1020 1963 tenera
1031 1910 1124 1964 illum
1136 1910 1171 1964 in
1180 1910 1330 1978 operatio·

130 2022 171 2063 em
183 2024 224 2064 ne
236 2013 334 2064 vacet.
345 2012 478 2064 Multam
490 2009 575 2063 enim
586 2009 745 2062 malitiam
758 2010 863 2063 docuit
874 2009 1024 2063 otiositas.
1035 2012 1071 2064 In
1083 2022 1174 2077 opere
1186 2010 1338 2064 constitae

130 2125 179 2178 zm,
193 2111 241 2164 sic
263 2110 346 2164 enim
366 2109 509 2164 condecet
528 2110 628 2162 illum.
641 2109 731 2162 Laeca
753 2122 864 2164 manus
885 2109 947 2177 illi,
960 2111 991 2162 et
1010 2109 1137 2177 quaerit
1150 2109 1333 2163 libertatern.

130 2209 232 2262 uditus
253 2209 305 2262 bac
325 2208 451 2262 doctrina
470 2209 512 2260 rir
531 2213 642 2262 sauctus
659 2207 812 2273 disciplinis
832 2212 860 2260 et
879 2208 1084 2273 operationibus
1096 2208 1186 2260 carnis
1206 2208 1337 2261 curvabat

130 2308 348 2374 oboedientiam,
361 2314 436 2360 etue
448 2319 512 2361 caro
524 2311 664 2373 tamquam
677 2319 773 2359 servus
786 2306 930 2359 malivolus
942 2307 1071 2374 cogitaret
1083 2307 1214 2360 malitiam
1227 2319 1260 2359 ex
1270 2305 1337 2372 otio,

131 2420 189 2460 sam
203 2407 389 2460 constituebat
401 2407 429 2459 in
442 2419 526 2472 opere
538 2410 565 2459 et
582 2404 740 2459 assiduabat
757 2405 783 2458 ei
801 2404 907 2473 flagella
925 2406 1096 2473 disciplinae,
1110 2418 1146 2458 ne
1160 2405 1182 2458 si
1199 2419 1297 2459 manns
1313 2405 1339 2459 ei

130 2512 218 2570 naret,
242 2507 303 2572 ipsa
324 2505 478 2558 libertatem
507 2508 654 2571 quaereret
679 2507 704 2556 et
729 2508 866 2570 tamquam
891 2503 1072 2558 inoboediens
1095 2505 1212 2572 erigeret
1238 2504 1338 2558 collum

130 2616 211 2659 rrum.
224 2608 420 2658 vemmtamen
442 2605 470 2657 in
489 2605 521 2656 iis
543 2604 673 2658 omnibus
691 2602 865 2656 discretionis
878 2603 1055 2656 moderamen
1073 2604 1207 2669 servabat,
1222 2617 1338 2659 comme·

130 2715 213 2757 rorans
231 2705 299 2756 illud
312 2704 427 2757 verbum
441 2704 575 2770 Sapientis
589 2719 596 2755 ε
609 2703 642 2756 Si
652 2715 716 2757 non
727 2702 895 2756 oboedierit
906 2714 1015 2756 sanes
1027 2705 1110 2770 tuns,
1123 2716 1222 2756 aaron
1241 2702 1335 2755 illum

130 2803 310 2871 nnpedibnc,
324 2816 433 2856 omnm
453 2803 648 2868 sinejndicio
666 2801 748 2855 nibil
769 2800 874 2868 facias
895 2801 949 2855 illi
965 2813 1072 2869 grave.
1092 2805 1124 2854 lit
1136 2803 1282 2868 Apostolus
1303 2802 1336 2855 ad

130 2904 251 2956 ertecam
265 2904 357 2956 carnis
369 2902 607 2957 mortificationem
626 2914 676 2954 nos
695 2902 822 2966 invitans,
837 2914 899 2953 cum
920 2900 1127 2966 praemisisset:
1143 2899 1268 2954 Obsecro
1284 2912 1338 2954 voe

130 3009 161 3050 rer
172 3000 423 3055 misericordiam
435 3000 492 3053 Dei
505 3002 542 3052 nt
552 2998 725 3052 enbibentis
747 3011 879 3065 corpora
899 3001 1003 3051 vestra
1021 2997 1154 3051 bostiam
1175 2999 1335 3065 viventem,

130 3103 257 3166 ancwin,
275 3101 335 3154 Deo
344 3101 530 3166 placentem,
541 3098 640 3151 subicit
654 3114 660 3149 :
674 3096 862 3151 rationabile
880 3098 923 3150 sit
934 3097 1113 3163 obsequium
1123 3100 1269 3150 vestrum.
1285 3100 1336 3148 lm·

130 3201 208 3253 colare
220 3201 294 3253 enim
307 3199 438 3253 debemus
459 3199 574 3251 Domino
595 3210 711 3264 corpora
732 3204 834 3260 nostra,
848 3198 897 3250 sed
919 3203 975 3250 tam
996 3198 1122 3250 diseretis
1142 3203 1169 3250 et
1187 3197 1336 3250 moderatis

130 3299 312 3365 rstigatiouum
321 3297 470 3361 sacrificiis,
481 3304 511 3348 ut
523 3303 614 3349 tamen
625 3297 787 3349 rationabile
801 3297 836 3348 sit
845 3296 1018 3362 obsequium,
1031 3295 1142 3362 nequid
1157 3296 1247 3349 nimis.
1258 3294 1335 3349 ilude

130 3410 207 3462 ponsa
225 3399 255 3449 in
267 3397 379 3449 canticis
393 3411 400 3447 :
414 3396 525 3448 Manus
537 3408 623 3448 mene
634 3395 871 3448 distillaverunt
884 3394 1058 3462 myrrham,
1069 3394 1162 3461 dipiti
1172 3393 1234 3447 mei
1245 3394 1338 3460 pleni

130 3501 176 3551 ent
188 3495 320 3562 mprrba
327 3495 563 3562 probatissima.
578 3496 661 3547 Distat
673 3494 810 3561 siquidem
823 3494 973 3560 plurimum
992 3494 1063 3547 inter
1081 3494 1219 3560 myrrbam
1233 3492 1336 3558 simpli-

130 3610 163 3649 tm
176 3601 204 3648 et
217 3596 355 3662 myrrham
367 3595 598 3661 probatissimam,
611 3594 685 3645 inter
697 3593 798 3646 stillam
811 3595 938 3658 myrrhae
951 3599 978 3645 et
991 3594 1099 3659 plenam
1114 3593 1239 3658 myrrhae
1252 3592 1338 3644 abun·

130 3694 237 3745 rntiam.
255 3694 286 3744 tit
297 3692 363 3759 quid
384 3691 517 3759 estquod
537 3692 664 3744 manibus
687 3690 844 3743 attribuitur
861 3691 988 3755 myrrhae
1008 3690 1177 3742 stillicidium
1198 3694 1225 3741 et
1245 3687 1338 3756 digitis

130 3793 234 3859 yrrbae
254 3792 459 3857 probatissimae
478 3791 634 3857 plenitude,
650 3791 703 3842 nisi
724 3791 789 3857 quia
810 3790 837 3842 in
861 3790 987 3842 manibus
1005 3802 1098 3855 opera,
1118 3789 1146 3840 in
1161 3788 1253 3856 digitis
1273 3801 1337 3841 vero

130 3906 222 3946 lerum
241 3890 369 3944 discretio
385 3890 553 3958 designatur,
568 3895 594 3942 et
606 3903 688 3955 opera
701 3903 772 3956 quae
783 3888 817 3941 ad
832 3889 923 3942 carnis
942 3888 1180 3941 mortificationem
1193 3886 1272 3953 liunt,
1286 3886 1338 3939 dis·

131 3993 239 4047 etionis
260 3991 447 4044 moderamine
459 3991 540 4057 plena
561 3996 589 4042 et
611 3989 757 4043 laudabilia
777 3989 946 4054 judicantur,
960 3988 1032 4054 quod
1054 3990 1143 4039 autem
1158 3986 1217 4039 sine
1238 3985 1338 4039 discre-

130 4104 180 4145 rne
191 4090 232 4149 lit,
243 4093 385 4155 reputatur
396 4088 536 4141 modicum
549 4102 601 4141 nec
614 4090 729 4141 babetur
742 4088 895 4154 probatum.
909 4090 989 4139 Sexta
1006 4087 1073 4139 feria
1087 4086 1144 4138 solo
1158 4097 1229 4151 pane
1246 4098 1336 4138 vesce-

130 4202 186 4248 rtur
199 4198 228 4245 et
239 4206 320 4258 aqua,
330 4197 358 4245 et
371 4192 528 4259 frequenter
540 4204 591 4243 nec
605 4203 703 4256 panem
717 4189 841 4242 sumebat
851 4188 898 4242 illo
908 4188 1076 4253 die,oibatus
1086 4187 1143 4240 solo
1156 4199 1227 4252 pane
1236 4185 1339 4239 doloris

130 4310 133 4348 ;
151 4293 347 4358 compassione
359 4292 449 4344 crucis
461 4293 526 4343 lesu
539 4290 646 4355 Christi,
658 4303 720 4341 cum
730 4301 785 4355 quo
799 4301 827 4340 se
838 4287 1011 4355 crucifigebat
1024 4286 1126 4351 animo,
1136 4285 1193 4337 solo
1207 4285 1339 4350 spirituali

130 4397 249 4448 creatus
260 4392 402 4444 alimento.
416 4392 480 4442 Erat
497 4402 561 4456 ergo
578 4389 659 4440 tantis
680 4394 707 4439 et
724 4388 824 4439 talibus
844 4386 1066 4454 castigationibus
1084 4386 1122 4437 sic
1136 4384 1286 4447 humiliata,
1301 4385 1339 4437 sie

130 4498 215 4546 =mata
228 4505 290 4546 caro
311 4491 362 4543 riri
384 4489 482 4554 sancti,
496 4493 522 4540 et
542 4492 681 4554 tamquam
703 4487 760 4540 viro
779 4487 850 4538 bene
870 4486 991 4551 subjecta
1012 4484 1130 4551 spiritui,
1144 4489 1174 4535 ut
1191 4483 1341 4536 oblectaret

130 4606 192 4648 rum
205 4605 284 4646 suum
298 4598 443 4655 tamquam
456 4587 600 4640 ambulans
612 4586 645 4639 ad
658 4599 771 4639 manum
783 4587 852 4652 ejus,
866 4586 895 4637 in
908 4585 984 4638 nullo
1002 4584 1141 4637 rebellans
1161 4581 1279 4648 spiritui,
1293 4584 1340 4637 sed

165 4704 263 4748 carm.
282 4702 378 4747 rems.
398 4699 425 4742 r.
443 4699 482 4740 111·
1243 4682 1274 4733 ¹ss
