3076 5498
265 332 309 398 34
610 350 735 399 chrm.
754 351 856 400 cono.
877 351 1052 405 EAGIOGR.
1070 352 1151 402 aar.

264 519 404 583 stentem,
418 530 509 583 onem
524 519 555 571 et
565 518 676 572 dr'cnnt
695 519 851 572 haeresim
872 520 1033 586 quandam
1054 521 1178 588 sectori,
1201 521 1371 575 sacerdotii
1388 535 1422 589 pr

263 629 373 672 carere
383 618 476 672 decet.
492 618 746 677 Quamobrem-en
760 620 865 673 diebus
877 622 987 674 maltis
1005 622 1184 676 exardescit
1195 635 1303 675 sensns
1320 635 1405 675 meas

260 728 392 784 prepare
411 717 578 772 caecilium
594 721 735 786 patrum,
756 722 911 786 qnatenus
927 733 988 787 per
1008 733 1058 773 eos
1078 720 1284 787 hocinotipno
1304 721 1343 775 de
1361 722 1422 776 eccl

263 815 364 883 eiecto,
377 816 465 870 alins
476 817 639 870 ordinetur
647 830 710 885 pro
722 831 765 885 eo,
779 818 834 884 qni
852 818 967 886 dipnns
984 820 1026 872 sit
1043 820 1160 872 summi
1179 820 1351 874 sacerdotii
1359 832 1422 887 prm

263 916 375 982 tenere,
388 916 426 967 nt
435 928 538 969 meum
549 928 680 981 repnnm
692 917 727 969 in
738 916 880 970 omnibns
886 917 1085 986 pacificetur.
1099 920 1171 971 llaec
1191 917 1296 982 dicens,
1309 919 1345 972 ab
1357 919 1422 972 iran

263 1017 319 1067 tota
339 1014 507 1067 movebatur.
529 1014 600 1066 bixit
620 1015 728 1080 iterum,
748 1013 877 1081 decipere
902 1017 998 1069 volens
1019 1017 1149 1069 eximium
1177 1017 1267 1069 vimm
1287 1018 1421 1084 Epiphaui

262 1113 386 1181 Senmet
399 1117 590 1168 tuasnmma
607 1115 787 1181 paternitas
807 1129 878 1169 cnm
899 1117 959 1170 Deo
974 1128 1127 1183 praesens
1145 1117 1422 1186 enisam-nonme

261 1214 343 1268 alios
357 1217 469 1280 potres
490 1212 635 1281 tempori.
656 1214 728 1268 Eice
748 1214 853 1281 itaque
877 1228 948 1269 cnm
969 1216 1116 1270 dedecore
1142 1215 1225 1271 banc
1245 1217 1284 1270 de
1303 1216 1422 1272 ecclesie

263 1312 378 1380 etipnns
398 1315 452 1379 est,
464 1315 494 1367 et
513 1326 584 1365 enm
604 1326 695 1379 quein
720 1313 777 1366 tibi
793 1315 874 1367 Dens
891 1314 1088 1382 revelaverit,
1097 1327 1159 1382 pro
1172 1316 1228 1369 itio
1240 1314 1293 1382 sac
1305 1316 1422 1383 episcop

260 1414 310 1466 Cui
330 1412 498 1466 castissimus
519 1413 560 1465 vir
580 1413 746 1478 Epiphanius
766 1413 927 1480 simpliciter
947 1413 1035 1467 dixit:
1051 1415 1235 1482 titiaamti
1251 1417 1422 1482 taumpatr

261 1512 301 1565 ld
322 1526 403 1579 quem
429 1512 598 1566 mendaciter
620 1512 666 1566 illa
690 1513 858 1579 respondit:
881 1513 965 1572 Quod
988 1513 1045 1567 tibi
1060 1516 1176 1581 placet,
1195 1520 1300 1582 pater,
1315 1515 1418 1580 jube:

261 1611 435 1666 oboedimus
449 1612 590 1677 jassioni
609 1612 770 1678 spiritatis
783 1612 892 1679 patris
903 1612 1014 1666 nostri.
1027 1612 1067 1665 hd
1081 1626 1163 1680 quam
1176 1627 1299 1666 summus
1322 1612 1422 1666 sacerd«

260 1711 475 1764 discretissimus
497 1712 665 1777 Epiphanius
678 1727 686 1764 ι
699 1711 732 1764 Si
751 1725 830 1779 vere,
849 1712 948 1778 inquit,
967 1724 1008 1764 en
1028 1711 1137 1778 atiqna
1159 1711 1284 1765 haeresi
1303 1713 1422 1779 culpate

261 1809 344 1864 nodis
356 1809 407 1864 bic
413 1809 562 1878 pontisera
572 1823 628 1865 neec
643 1810 830 1878 testificatur
842 1823 874 1864 se
881 1823 1027 1877 peccasse
1038 1823 1137 1877 neque
1148 1811 1330 1878 corripitur,
1343 1811 1422 1876 imiiq

260 1911 306 1964 est
327 1910 502 1964 sacerdotio
522 1912 760 1976 cunctorumque
780 1909 1026 1963 christianorum
1046 1910 1211 1964 consortio.
1232 1910 1272 1963 In
1292 1911 1354 1963 tati
1367 1910 1422 1977 pto

260 2008 345 2062 vodis
362 2009 534 2063 assentiam
554 2021 661 2063 servm
682 2011 791 2062 vester.
807 2008 840 2061 st
859 2020 930 2062 vero
946 2021 1008 2075 pro
1029 2011 1132 2062 vestra
1147 2009 1271 2075 irtp'aria
1283 2009 1380 2062 vultis
1397 2009 1419 2062 it

258 2107 443 2176 moontere,
470 2107 506 2160 in
534 2106 589 2161 hoc
618 2121 710 2175 opere
738 2110 837 2161 vester
862 2107 1058 2175 Epiphanius
1087 2109 1272 2161 nuliatenus
1302 2108 1422 2174 adquin

258 2207 398 2261 monime
409 2207 486 2274 qnia
493 2207 677 2274 princepum
689 2208 734 2260 est
745 2207 900 2273 injuriam
907 2208 981 2274 pati
992 2209 1022 2260 et
1038 2219 1182 2273 parcere,
1193 2219 1210 2261 o
1227 2207 1298 2274 filia
1309 2225 1319 2273 ,-
1330 2207 1385 2274 qai
1394 2220 1422 2273 qr

260 2307 325 2358 tum
330 2307 408 2373 plns
420 2305 500 2359 bona
511 2308 541 2358 et
552 2307 640 2358 mata
652 2305 782 2372 operari
788 2307 930 2371 possunt,
945 2308 1066 2359 tantum
1074 2308 1150 2371 ptus
1159 2304 1383 2359 debenttimere
1392 2307 1422 2359 lh

251 2404 403 2472 jndicem,
418 2405 472 2472 qni
479 2417 540 2472 pro
554 2404 648 2458 solita
655 2405 775 2471 pietate
785 2418 846 2457 sna
861 2405 997 2458 remittet
1009 2418 1066 2458 sua
1087 2405 1201 2459 delicta
1214 2404 1292 2458 ittis.
1306 2405 1346 2458 hd
1360 2406 1422 2458 haec

258 2503 372 2557 demens
389 2517 421 2557 ac
441 2503 558 2569 pessima
581 2505 726 2569 respondet
748 2520 755 2555 :
776 2504 808 2556 Si
824 2503 1079 2570 impedimentum
1092 2504 1233 2571 praebes,
1248 2507 1353 2572 pater,
1372 2517 1409 2558 ne

258 2603 420 2670 episcopus
432 2603 615 2670 deponatur,
627 2604 743 2670 tempto
756 2586 914 2656 idolorum
921 2603 1065 2670 aperiam
1074 2605 1103 2656 et
1114 2602 1235 2671 faciam
1244 2603 1382 2658 adorare
1391 2603 1422 2655 id

257 2714 296 2756 ao
307 2702 383 2769 fient
391 2702 571 2770 posteriora
586 2715 680 2768 opera
697 2702 809 2768 pejora
815 2701 989 2769 prioribus.
1004 2705 1073 2755 llaec
1091 2702 1137 2755 illa
1156 2703 1295 2770 loquente,
1309 2716 1375 2770 prae
1390 2716 1422 2756 an

257 2802 353 2854 tudine
366 2801 450 2854 multa
462 2800 591 2854 lacrimae
603 2800 761 2853 detinebant
772 2813 804 2852 ex
818 2800 905 2853 oculis
914 2801 981 2865 ejus.
996 2800 1166 2853 uiritantem
1175 2807 1286 2853 sanctus
1299 2801 1421 2868 Epiphan

256 2900 352 2965 Filia,
365 2913 405 2953 eoo
415 2899 471 2953 boe
483 2900 630 2954 innocens
642 2911 704 2953 ero.
716 2901 786 2952 ilaec
794 2899 900 2962 dicens,
910 2913 971 2951 cum
982 2899 1092 2967 Polybio
1102 2900 1231 2966 episcopo
1240 2901 1306 2952 exiit
1317 2900 1351 2953 de
1361 2901 1422 2954 cubi

257 2999 394 3066 imperiali
407 3015 414 3051 ε
428 3012 491 3052 nam
505 3001 579 3052 lsaao
592 3011 673 3066 aeger
685 3003 743 3051 erat
755 3011 807 3050 nec
822 2997 889 3051 adiit
899 3011 962 3050 cum
975 2997 1029 3050 illis
1042 2998 1182 3065 palatium.

292 3099 348 3154 8⁷.
361 3102 444 3153 Porro
457 3099 541 3152 salsus
553 3112 647 3153 rumor
659 3099 803 3165 personuit
814 3099 844 3151 in
856 3103 910 3152 tota
922 3099 1001 3164 urbe,
1014 3103 1152 3165 tamquam
1171 3099 1356 3152 consensisset
1373 3099 1422 3151 insi

255 3199 296 3252 tir
319 3201 485 3266 Epiphanius
507 3201 620 3266 Cyprius
643 3199 677 3252 ad
700 3199 878 3252 evertendum
902 3205 929 3252 et
954 3198 1123 3252 exulandum
1152 3213 1290 3253 summum
1317 3200 1422 3253 sacerd<

256 3299 418 3352 iohannem.
432 3301 489 3363 Quo
501 3299 604 3365 audito,
618 3300 693 3352 isaac
705 3298 809 3366 aufugit
821 3312 949 3365 magnum
966 3300 1054 3351 virum
1078 3299 1271 3365 Epiphanium,
1284 3300 1422 3365 intransqt

257 3397 395 3464 quoddam
418 3398 556 3450 habitabat
572 3399 777 3460 monasterinm,
791 3398 934 3464 ignorante
953 3402 1046 3450 sancto
1064 3397 1217 3464 Epiphanio
1234 3399 1377 3463 episeopo,
1390 3411 1421 3451 ac

257 3496 412 3551 diosissime
427 3497 585 3563 requirebat
605 3510 668 3550 eum
688 3496 736 3550 ubi
757 3503 829 3549 esset
841 3502 869 3549 et
881 3509 936 3549 non
959 3497 1125 3549 inveniebat.
1139 3497 1188 3560 Qui
1201 3496 1268 3549 dum
1281 3498 1422 3550 contristat

258 3608 290 3649 ac
303 3597 454 3650 decertaret
465 3609 514 3662 pro
526 3597 588 3661 hoc,
601 3601 760 3663 peteretque
772 3609 787 3648 a
800 3597 854 3648 Deo
867 3595 1034 3649 manifestari
1052 3596 1106 3648 sibi
1127 3595 1217 3660 illum,
1231 3596 1354 3651 innotuit
1366 3597 1400 3650 ei.
1413 3599 1422 3647 i

258 3695 361 3748 vadens
374 3696 536 3761 intransque
548 3695 744 3748 monasterium
763 3694 792 3746 in
809 3708 865 3761 quo
883 3698 943 3748 erat
954 3697 1039 3759 isaac,
1053 3695 1158 3747 invenit
1169 3694 1256 3747 illum.
1270 3697 1303 3747 ht
1324 3696 1380 3761 ille,
1393 3696 1422 3747 vi

258 3794 446 3848 beatissimum
467 3793 660 3861 Epiphaniam,
682 3806 793 3846 aversus
814 3798 856 3846 est
875 3806 949 3857 eum,
969 3793 1064 3846 dicens
1083 3809 1090 3844 :
1109 3793 1237 3846 Dimitte
1253 3806 1312 3861 nte,
1326 3795 1401 3859 jam
1417 3810 1422 3845 ¹.

259 3895 360 3947 neam
380 3906 446 3946 esse
461 3895 592 3960 propter
612 3890 738 3958 facinus
761 3893 842 3958 qnod
858 3892 1054 3959 perpetrasti
1076 3895 1186 3946 contra
1209 3905 1363 3960 mapnnm
1386 3893 1422 3946 oie

258 3991 440 4047 Iohannem.
453 3994 635 4045 commanens
655 3997 745 4054 autem
767 3991 823 4044 illic
844 4005 894 4058 per
912 3997 966 4045 tres
986 3993 1132 4046 continuos
1144 3993 1211 4055 dies,
1224 4004 1257 4045 ac
1269 3993 1422 4047 satisfacies

258 4092 303 4143 rix
316 4092 402 4157 potuit
414 4091 530 4144 suadere
544 4091 569 4143 ei
583 4091 656 4143 etde
668 4090 753 4142 corde
765 4091 839 4142 illius
851 4091 954 4156 pellere
971 4091 1070 4143 salsum
1091 4091 1164 4157 quod
1185 4090 1311 4144 audierat
1330 4097 1358 4144 et
1378 4105 1422 4146 cre

257 4204 352 4245 acrum
374 4191 446 4258 quod
467 4190 505 4242 illi
527 4190 715 4242 sanctissimus
736 4190 903 4255 Epiphanius
924 4191 1075 4242 intimabat.
1089 4193 1154 4243 Cum
1178 4190 1264 4243 multo
1285 4195 1380 4244 autem
1399 4193 1422 4245 la

259 4301 339 4343 suaso
351 4292 378 4342 et
389 4288 479 4343 ablato
491 4287 556 4341 inde
569 4290 652 4351 isaac,
666 4287 792 4352 protinus
803 4288 935 4340 discessit.
950 4290 1003 4340 Nec
1015 4287 1217 4341 sanctissimum
1228 4289 1386 4343 iohannem
1399 4291 1422 4345 ie

150 4423 156 4434 ·
258 4388 428 4455 aliquantum
440 4386 522 4440 fallax
534 4386 637 4452 opinio.
650 4388 718 4439 Nam
729 4386 888 4439 describens
899 4387 929 4439 in
944 4387 1037 4439 tabula
1048 4386 1114 4439 talia
1125 4387 1207 4439 verba
1220 4391 1315 4441 sancto
1336 4389 1422 4455 Epiph

169 4487 175 4500 '
193 4525 201 4542 .
260 4485 335 4538 misit
353 4503 360 4539 :
378 4484 539 4553 Epiphani
556 4484 693 4551 sapiens,
710 4483 957 4537 cmtdescendisti
973 4496 1038 4537 meo
1050 4483 1166 4550 epenr'o·
1184 4484 1353 4552 enitioqne.
1376 4489 1422 4544 Ic<

259 4596 456 4652 steqreaqnam
470 4583 542 4651 jam
560 4581 678 4637 sedebis
699 4581 735 4635 in
754 4581 826 4635 secte
845 4584 911 4637 tua.
933 4583 981 4637 cui
1002 4583 1244 4651 eloquentissimus
1265 4582 1422 4652 Epiphanio
