3082 5498
153 340 219 405 424
498 353 625 403 caran.
646 352 748 401 couu.
767 351 941 411 naoroon.
961 351 1040 401 nar.

155 525 268 590 ipsaque
280 524 342 575 rina
356 521 544 588 promptuarii,
565 521 682 588 rigorem
696 519 725 571 in
746 519 841 586 glaciei
863 494 1004 584 conuersa,
1018 520 1159 585 propriam
1175 524 1299 572 naturam
1315 527 1372 586 potc-

157 630 226 676 state
238 625 329 675 amisit
348 622 450 675 divina.
463 622 519 674 Tali
539 634 658 687 namque
679 621 784 673 attoniti
799 621 885 688 signo,
900 621 1069 687 incompotes
1086 620 1198 674 rediere
1217 622 1250 674 ad
1261 634 1314 674 sua.
1327 623 1369 673 ilor

154 729 305 789 comperto,
319 736 413 774 eorum
436 723 574 787 prinecps,
589 721 701 773 nomine
722 721 853 783 Almazor,
876 721 936 773 illos
958 720 1035 787 quasi
1057 719 1170 773 desides
1190 726 1220 773 et
1240 721 1369 773 imbecilles

153 823 311 889 objurgans,
327 835 388 872 cum
401 821 519 872 maxima
533 819 709 871 multitudiue
721 819 863 884 proprium
877 819 944 871 illue
960 816 1055 886 dirigit
1071 825 1212 885 nepotem,
1223 824 1304 886 utque
1314 820 1368 871 salo

154 928 234 974 tenus
247 919 441 972 monasterium
464 923 550 981 cruat,
567 918 694 970 inccndio
716 918 813 982 tradat,
828 918 931 982 rapinis
952 918 1106 983 dispertiat,
1121 917 1254 971 caedibus
1273 917 1389 984 polluati

153 1020 287 1086 imperiali
301 1020 389 1072 edicto
402 1019 529 1070 inculcat.
542 1017 681 1084 Extemplo
693 1018 884 1083 unusquisque
894 1017 993 1084 regalia
1005 1018 1081 1083 jussa
1093 1030 1144 1082 pro
1156 1018 1262 1070 viribus
1274 1017 1366 1083 implere

154 1118 272 1170 festinat.
287 1117 367 1168 hdest
380 1116 418 1167 nil
433 1117 523 1167 minus
532 1117 613 1168 ctiam
627 1115 791 1180 propensius
804 1116 931 1167 caelestis
943 1115 1090 1168 clementia
1103 1122 1188 1182 atque
1200 1130 1291 1169 eorum
1302 1127 1364 1168 cona·

154 1223 197 1269 tus
210 1217 384 1277 furibundos,
399 1215 436 1267 uti
450 1216 546 1279 primo,
562 1215 653 1266 irritos
667 1214 755 1266 reddit
772 1212 1099 1267 secundoverumtamen
1113 1215 1240 1281 sacrilegi
1252 1216 1308 1268 dum
1323 1214 1362 1265 dis

155 1316 240 1367 uictis
252 1315 430 1367 mucronibus
444 1316 496 1366 huc
510 1314 629 1380 illucque
649 1314 807 1365 discurrunt
826 1315 945 1378 cuneati,
959 1315 982 1364 si
1005 1314 1074 1365 forte
1086 1314 1245 1380 quempiam
1264 1315 1361 1367 christia·

154 1429 252 1467 norum
266 1415 446 1480 reppererint,
460 1427 533 1465 unus
552 1413 643 1479 penita
665 1413 796 1465 ecclesiae
817 1426 879 1464 eum
901 1412 1042 1465 sodalibus
1055 1420 1163 1478 petens,
1179 1427 1230 1468 nec
1247 1413 1359 1466 tamenin
1373 1413 1394 1461 lt

154 1514 248 1580 aliquo
269 1518 430 1579 potestatem
453 1526 593 1565 sacrorum
616 1513 739 1571 habens,
762 1513 796 1564 ad
818 1517 1019 1565 sacrosanctam
1041 1515 1187 1579 appropiat
1207 1515 1361 1579 aram31'urta

154 1627 235 1679 quam
253 1614 371 1664 ferreum
394 1612 521 1663 malleum
543 1617 648 1663 tantum
670 1612 823 1676 reperiens
847 1611 969 1676 illudque
991 1611 1118 1664 manibus
1140 1613 1295 1679 corripiens,
1313 1611 1361 1662 selle
1405 1618 1407 1653 t

155 1709 254 1762 eiierae
270 1710 368 1761 mentis
381 1709 486 1774 palleus
501 1724 506 1759 :
523 1708 663 1770 Quando,
678 1708 776 1774 inquit,
791 1708 941 1775 fidissimi
957 1708 1042 1774 coeii,
1058 1708 1092 1760 io
1103 1710 1214 1776 aliquo
1225 1721 1362 1776 atonproe·

158 1810 305 1873 vulcanae,
319 1809 430 1861 saltem
444 1806 638 1861 boemerum
659 1808 775 1860 uostris
787 1807 932 1860 omnibus
949 1808 1080 1861 erodere
1091 1809 1295 1874 r‘nviqiiemue.
1307 1811 1362 1860 llaec

154 1909 259 1972 dicens
273 1914 383 1974 totoque
395 1909 543 1961 conamine
557 1909 639 1960 ictum
654 1909 681 1959 in
695 1909 812 1960 sublime
825 1909 926 1960 librare
944 1909 1067 1974 cupiens,
1081 1910 1153 1962 inter
1165 1905 1392 1978 geminosoeulo·ll

155 2023 215 2060 rum
229 2007 309 2060 orbes
323 2020 383 2059 sese
396 2020 450 2072 quo
469 2006 568 2058 adnisu
581 2007 664 2059 valuit
682 2007 847 2072 percutiens
860 2007 936 2059 humi
956 1988 1081 2060 mortuus
1099 2010 1200 2061 ceteris
1212 2007 1365 2062 cernentibus

155 2108 300 2161 delabitur.
323 2107 405 2172 Cuius
425 2107 536 2158 interitu
557 2111 708 2171 comperto,
730 2107 812 2159 ceteri
835 2107 863 2158 iu
885 2107 976 2173 fugam
1001 2108 1084 2170 versi,
1107 2108 1139 2161 ad
1161 2121 1251 2176 regem
1270 2107 1365 2159 redeunt

156 2207 322 2269 conturbati,
335 2207 488 2272 ceterisque
510 2205 619 2257 indiciis
633 2205 708 2256 inviti
732 2205 852 2257 reddunt
864 2206 1052 2257 testimonium
1065 2209 1120 2258 lieo
1133 2207 1317 2272 omnipotenti.
1328 2207 1364 2256 lta·

157 2318 211 2370 que
224 2304 369 2370 diligenter
381 2304 524 2369 inquirens
537 2303 674 2368 praelatus
685 2304 813 2368 princeps
823 2304 901 2369 cujus
914 2305 1018 2356 honore
1031 2303 1127 2356 eadem
1139 2312 1244 2358 sacrata
1257 2305 1365 2357 habeatur

158 2404 250 2461 aedes,
270 2409 299 2454 ut
319 2401 463 2468 perpendit
487 2401 559 2468 quod
582 2406 718 2454 tantorum
749 2403 889 2469 signorum
911 2407 1039 2468 operator
1059 2406 1202 2456 attestetur
1228 2400 1396 2456 benedicerit

155 2508 242 2568 pater,
256 2503 414 2554 auctoritate
436 2501 518 2568 regali
543 2501 638 2553 indicit
651 2508 681 2552 ut
702 2502 735 2553 ab
749 2501 794 2553 illa
808 2501 853 2553 die
866 2501 996 2568 deinceps
1016 2516 1097 2555 nemo
1110 2502 1220 2556 illorum
1233 2505 1364 2569 inquietare

158 2605 344 2666 praesumeret
357 2601 423 2652 inibi
439 2603 491 2652 beo
505 2606 532 2651 et
552 2599 698 2652 benedicto
720 2600 787 2665 patri
810 2600 983 2664 famulantes,
998 2605 1117 2667 quesita
1131 2615 1182 2654 sua
1199 2601 1364 2655 defensarent

156 2701 273 2752 mirabili
286 2701 417 2766 potentia.
431 2701 529 2766 Sicque
542 2701 656 2752 tentoria
670 2700 811 2767 deponens
824 2707 906 2766 atque
919 2701 952 2753 ad
969 2702 1022 2754 alia
1040 2701 1100 2754 loca
1112 2701 1279 2770 demigrans,
1291 2712 1365 2754 mona

154 2801 267 2852 chorum
281 2799 426 2864 dereliquit
439 2800 644 2851 habitationem.
1405 2779 1407 2799 '

187 2900 219 2951 4.
240 2898 405 2963 inpartibus
427 2898 599 2963 burgundiae
621 2897 758 2964 quoddam
781 2900 897 2951 babetur
909 2904 1038 2963 castrum,
1053 2901 1158 2952 bisesia
1171 2899 1283 2953 dietum.
1296 2896 1367 2952 incola
1378 2882 1407 2946 5³

154 2997 234 3063 hujus
247 2999 358 3063 quidam
378 2997 466 3050 dictus
489 2997 660 3063 liudulphus.
675 2999 742 3050 lluie
760 2998 861 3063 itaque,
874 3012 1017 3064 gressuum
1031 2997 1119 3051 oillcio
1138 2997 1366 3053 crureteuusdebi·

155 3096 231 3148 litato
246 3097 302 3148 lcre
315 3111 346 3147 xv
360 3108 495 3147 annorum
510 3097 608 3160 spatio,
623 3097 777 3148 dominicae
792 3097 904 3149 visionis
918 3098 1044 3163 apparuit
1061 3099 1235 3152 consolatio:
1250 3105 1279 3151 ut
1290 3097 1367 3150 Floria·

155 3209 217 3247 curn
230 3195 333 3259 tendat,
350 3195 525 3247 ltencdictum
549 3200 652 3259 patrem
675 3200 810 3260 exposcat,
825 3196 945 3248 inculcat
966 3198 1167 3250 ammonitione
1187 3197 1369 3262 crebrantur

154 3307 289 3358 supernae
304 3295 472 3346 miserationi
487 3293 568 3345 iidem
582 3293 661 3355 daus,
675 3299 756 3359 atque
769 3294 934 3347 laboriosam
948 3296 1128 3361 captationem
1144 3297 1282 3350 laborioso
1294 3297 1370 3348 labore

152 3398 326 3457 attemptans,
342 3399 400 3457 post
413 3393 525 3444 arduam
542 3394 659 3445 coniecti
674 3394 780 3445 itineris
793 3395 1015 3461 progressionem
1029 3393 1119 3446 locum
1135 3402 1265 3462 properat
1277 3390 1401 3449 tandemil

154 3492 187 3543 ad
206 3505 293 3556 usquc
314 3492 476 3543 Floriacum.
491 3494 520 3542 ln
543 3505 596 3556 rpuo
620 3492 676 3543 lere
689 3505 737 3543 sex
751 3493 885 3543 mensium
900 3492 1047 3544 demorans
1066 3495 1166 3559 spatio,
1181 3495 1291 3548 tandem
1302 3493 1372 3546 domi·

155 3587 233 3641 nicae
252 3591 425 3641 ascensionis
446 3590 534 3655 uigilia
560 3592 587 3641 in
611 3591 715 3641 somnis
737 3596 910 3642 ammonetur
932 3597 961 3642 ut
983 3605 1063 3643 mane
1085 3593 1156 3644 iacto
1174 3607 1203 3645 se
1221 3594 1375 3658 protraheret

155 3702 241 3753 usque
255 3696 317 3740 arrlc
331 3696 440 3740 sanctae
456 3690 499 3741 bei
514 3690 653 3756 genitricis
675 3690 769 3751 altare,
784 3690 850 3740 inibi
865 3699 1077 3756 recuperaturus
1089 3692 1195 3744 donum
1208 3694 1328 3745 sanitatis
1338 3691 1376 3741 diu

154 3792 268 3853 optatae.
289 3790 481 3840 Verumtamen
508 3790 656 3840 aestimans
678 3790 846 3840 somniorum
869 3789 895 3841 id
919 3789 1075 3842 illusionem
1096 3804 1169 3856 esse,
1189 3793 1307 3844 maxime
1326 3805 1376 3843 eum

153 3887 225 3939 idem
248 3893 388 3952 perageret
409 3888 544 3938 cotidiana
566 3888 771 3939 continuatione
796 3894 878 3953 atque
900 3902 915 3940 a
941 3890 1032 3953 cupita
1055 3888 1188 3955 deiiceret
1209 3905 1269 3957 spe,
1292 3885 1406 3944 rursustt

153 3985 300 4049 obdormit,
315 3986 386 4036 diem
406 3987 535 4050 operiens
558 3985 686 4037 instantis
709 3987 910 4039 sollemnitatis.
926 3990 997 4039 Sane
1010 3987 1118 4039 reddito
1138 4001 1220 4041 mane
1234 3992 1321 4053 terris,
1331 3991 1376 4056 J'am

153 4083 272 4135 secunda
287 4085 353 4135 hora
367 4085 430 4148 diei,
445 4098 506 4135 cum
530 4086 619 4136 omnis
642 4085 759 4151 populus
780 4087 995 4151 praestolaretur
1014 4088 1160 4140 stationem
1174 4090 1248 4154 apud
1262 4093 1378 4143 Sanctum

156 4185 289 4236 hndream
304 4199 333 4236 ac
348 4185 369 4234 si
384 4185 416 4236 ad
428 4160 541 4237 alteram
554 4171 720 4251 bethaniam,
732 4187 805 4253 quod
816 4188 980 4240 venerabilis
990 4189 1137 4240 Gausiinus
1149 4190 1237 4242 abbas
1249 4191 1377 4243 aunuatim

156 4282 313 4334 decreuerat
326 4282 471 4349 agendum,
482 4284 516 4335 ob
529 4283 728 4336 dominicarum
744 4285 920 4351 reliquiarum
935 4286 1076 4347 honorem,
1087 4300 1156 4351 quas
1168 4288 1230 4353 ipse
1242 4302 1257 4340 a
1271 4288 1379 4354 partibus

154 4381 288 4432 detulerat
302 4381 401 4446 ltaliae,
417 4381 456 4432 uti
472 4382 575 4447 liquido
589 4384 751 4450 digessimus
766 4385 793 4434 in
807 4385 877 4436 uitae
889 4385 948 4449 ejus
962 4385 1043 4444 serie,
1058 4384 1108 4435 luit
1121 4386 1283 4450 praedictus
1293 4382 1407 4439 debilis!

154 4493 207 4531 una
222 4481 365 4531 uobiscum
378 4481 511 4546 usquead
523 4483 579 4546 jam
593 4481 658 4533 dieti
673 4484 802 4547 templum
813 4483 929 4547 apostoli
942 4499 949 4546 ;
962 4482 1011 4533 sed
1023 4484 1208 4548 praeforibus
1220 4499 1378 4552 orans,prae

61 4563 72 4636 ’,
154 4581 269 4631 maxima
293 4580 469 4632 multitudine
495 4581 580 4647 plebis
611 4583 725 4634 interius
755 4584 856 4634 intrare
886 4594 941 4633 non
969 4581 1074 4646 valens,
1099 4583 1222 4649 quodam
1252 4588 1379 4639 dominico
