3076 5498
161 299 228 366 378
501 314 627 365 aaran.
647 315 749 365 cnon
768 314 942 365 nseroan.
962 315 1043 366 aar.

160 483 298 537 citationis
318 483 486 550 experientia
505 480 658 549 approbati,
677 483 699 535 si
718 481 828 549 quando
849 481 887 534 rei
912 481 1028 535 bellicae
1051 483 1201 536 necessitas
1226 484 1357 546 immineret,
1412 456 1414 473 Ι

161 584 304 638 confestim
318 585 346 635 in
359 584 418 649 ipso
430 583 632 651 congressionis
645 595 710 635 suae
723 582 825 649 impetu
838 581 942 634 hostem
964 580 1129 636 debellando
1143 588 1330 649 prosternerent
1340 588 1357 635 ct

160 683 290 736 uictoriae
302 683 470 748 triumphum
483 682 516 734 ad
530 695 609 735 suum
623 683 650 733 in
663 681 731 734 urbe
743 680 894 747 principem
914 681 976 734 laeti
995 687 1186 747 reportarent;
1200 695 1215 735 a
1233 693 1283 749 quo
1300 683 1356 735 etian
1410 686 1414 763 ,¹

159 781 212 849 ipsi
225 783 405 835 nihilominus
426 782 557 850 singulari
580 780 729 834 admodum
749 793 782 833 ac
802 774 950 846 praecipua
972 780 1159 846 praemiorum
1181 781 1356 835 honorificentia
1410 780 1414 865 l

159 882 329 949 usqueadeo
350 881 512 935 colebantur
530 886 561 933 ut
573 881 645 933 inter
664 879 870 933 excellentiores
891 878 1004 945 palatini
1020 880 1126 932 ordinis
1144 864 1284 949 dignitates
1298 880 1375 934 subi-i
1411 884 1414 959 1

158 984 233 1049 mati,
247 982 389 1047 amplioris
409 982 511 1048 gratiae
534 980 718 1047 praerogativa
739 980 773 1033 ab
793 979 890 1033 eodem
911 979 1036 1046 principe
1049 981 1208 1046 perenniter
1220 983 1355 1035 fruerentur.
1411 962 1414 1025 Ῑ

158 1082 219 1135 Pari
231 1082 332 1134 etenim
346 1080 438 1145 modo,
451 1079 576 1146 quamvis
596 1078 721 1131 dissimili
743 1079 859 1144 ratione,
872 1078 1014 1131 fortissimi
1036 1084 1148 1138 sanctae
1160 1082 1288 1135 Ecclesiae
1299 1080 1355 1134 bella·

158 1183 233 1232 tores
245 1191 327 1246 agere
339 1176 475 1240 uidentur,
490 1178 536 1243 qui
555 1176 629 1230 velut
647 1177 675 1228 in
695 1175 879 1243 hujusmundi
893 1176 1013 1242 quadam
1028 1177 1162 1243 pralaestra
1175 1180 1297 1246 probatae
1309 1179 1356 1231 riae

158 1283 185 1332 et
208 1277 424 1332 conversationis
448 1276 546 1330 studiis
568 1276 805 1343 disciplinabiliter
828 1278 940 1342 assueti,
963 1276 1094 1330 adversus
1115 1280 1258 1346 antiquum
1279 1280 1352 1332 hnuto

156 1377 264 1431 fortiter
275 1375 424 1444 pugnando
435 1376 570 1440 vicerunt,
582 1381 608 1428 et
621 1375 752 1429 victoriae
765 1376 883 1442 palmam
893 1377 1068 1441 consecutis
1078 1391 1201 1444 superno
1212 1378 1350 1446 imperatore,
1362 1373 1380 1423 lt

156 1478 204 1544 qui
217 1482 258 1530 est
268 1476 401 1543 Christus,
415 1488 546 1529 coronam
560 1476 636 1542 regni
649 1476 790 1542 percipere
812 1481 981 1529 meruerunt.
995 1477 1117 1539 Quorum
1139 1477 1213 1531 haud
1225 1489 1307 1544 expers
1315 1472 1350 1527 tol·

156 1575 224 1642 legio
236 1569 372 1644 gloriosus
392 1575 490 1628 Christi
502 1579 605 1640 martyr
617 1580 644 1627 el
657 1575 736 1626 levita
757 1575 897 1627 llaurinus
910 1587 966 1629 non
987 1576 1126 1629 immerito
1138 1577 1298 1643 nimietati
1312 1574 1350 1640 pti

155 1680 264 1728 exactos
285 1675 438 1741 praesentis
459 1675 531 1729 vitae
543 1687 591 1740 pro
612 1674 719 1727 Christo
740 1674 850 1728 labores
869 1675 1030 1729 mirabiliter
1051 1674 1086 1729 de
1104 1672 1348 1742 nostetriunplnit;

157 1775 235 1841 cujus
249 1774 378 1827 nimirum
392 1774 527 1839 passionis
539 1779 615 1840 gesta
628 1773 736 1839 seriptis
749 1773 857 1826 tradere
868 1773 1052 1840 disponimus.
1067 1774 1122 1830 Sed
1135 1789 1248 1830 necesse
1258 1780 1292 1828 est
1304 1783 1347 1824 nou·

158 1873 244 1940 nulla,
257 1887 328 1940 quae
340 1874 410 1926 vitae
422 1873 508 1939 ipsius
529 1873 695 1926 documenta
707 1872 808 1940 forent,
821 1873 952 1926 virtutum
973 1875 1049 1940 prius
1062 1875 1199 1942 magnalia
1209 1875 1345 1942 explicanti
1357 1861 1375 1913 ¹⁵

158 1973 399 2039 quopostmodum
422 1973 642 2039 insequentibus
663 1972 783 2038 martyrii
805 1973 864 2040 ejus
884 1973 1011 2027 ordinem
1032 1974 1175 2028 honestius
1194 1975 1286 2028 calano
1299 1969 1346 2034 diat

159 2077 236 2125 rente
256 2085 413 2138 sequamur.
434 2070 511 2125 Unde
528 2073 586 2139 jam
606 2073 659 2124 lieo
678 2073 790 2138 juvante
815 2070 902 2126 nostri
923 2071 1054 2126 iaciamus
1073 2075 1211 2128 sermonis
1233 2070 1346 2128 exordium

158 2177 186 2225 et
205 2184 237 2224 ea
250 2171 308 2236 ipse
328 2185 399 2238 quac
420 2171 542 2224 fidelium
564 2172 721 2224 narratione
738 2176 877 2237 comperta
897 2170 1056 2240 didicimus,
1073 2171 1202 2227 relationi
1223 2174 1346 2227 inserenti·

159 2271 301 2337 Explicit
311 2270 482 2337 pruentia.

200 2474 326 2535 Passio
347 2473 464 2534 suncti
485 2473 646 2534 Maurlnt
666 2473 799 2533 levitae
820 2474 857 2534 et
883 2474 1061 2546 martyris
1082 2474 1228 2548 Christi,
1248 2483 1321 2546 quat
1357 2450 1375 2503 ω

382 2576 586 2634 celebretur
607 2589 681 2640 vno
702 2575 880 2634 mendas
899 2573 1109 2635 decembris.

190 2768 216 2820 1.
230 2767 314 2834 lgitur
334 2768 482 2832 llaurinus,
494 2768 658 2836 hgimensis
674 2767 751 2821 urbis
763 2768 900 2821 territorio
921 2765 1064 2835 oriundus,
1079 2773 1157 2834 patre
1170 2767 1277 2832 Euboia
1288 2763 1349 2816 andrt

157 2878 219 2919 vero
240 2866 380 2921 hlabanna
401 2869 522 2935 nomine,
539 2874 696 2934 procreatus
714 2868 879 2936 agnoscitur.
900 2868 1063 2920 ltemoratus
1084 2879 1153 2920 sane
1171 2868 1273 2936 genitor
1288 2859 1348 2929 ipsius

153 2976 216 3016 cum
234 2965 291 3031 jam
313 2965 409 3018 decem
430 2967 486 3019 iere
508 2971 535 3018 et
555 2971 616 3019 octo
637 2979 773 3019 annorum
794 2978 928 3018 summam
946 2965 975 3017 in
988 2964 1087 3019 eodem
1099 2967 1225 3036 conjugis
1238 2963 1351 3032 persistets

153 3063 327 3117 matrimonio
347 3065 450 3131 absque
475 3065 531 3118 ulla
555 3065 704 3119 liberorum
729 3065 880 3132 propagine
902 3064 1047 3132 exegisset,
1070 3065 1232 3132 nullamque
1251 3040 1379 3121 deinceps25

152 3162 328 3228 accipiendae
340 3163 443 3216 sobolis
464 3177 540 3230 spem
563 3165 684 3231 haberet,
698 3165 792 3217 statuit
811 3163 882 3231 apud
904 3177 933 3216 se
954 3176 1020 3230 quo,
1032 3162 1135 3217 tradito
1154 3165 1262 3231 oonjrxgi
1272 3150 1350 3226 repudii

153 3262 255 3329 libello,
269 3262 401 3316 alterutro
413 3264 447 3316 ab
460 3263 577 3316 invicem
589 3264 707 3316 divortio
720 3263 900 3316 solverentur.
914 3262 1084 3316 adveniente
1097 3263 1192 3330 itaque
1202 3262 1305 3317 delinito
1315 3250 1351 3309 dii'

153 3368 284 3428 tempore,
295 3376 349 3429 quo
362 3365 428 3416 haec
440 3362 498 3417 lieri
512 3377 624 3418 necesse
635 3365 732 3429 iuerat,
746 3364 843 3417 eadem
856 3365 914 3431 ipsa
927 3369 1008 3417 nocte
1019 3376 1091 3430 quae
1103 3371 1309 3431 superventurae
1315 3360 1353 3427 jau

152 3460 206 3514 diei
220 3462 390 3527 imminebat,
403 3477 465 3516 cum
479 3462 551 3516 idem
565 3464 695 3528 liuticios,
708 3470 768 3518 toro
780 3464 918 3517 accubans
930 3462 1076 3531 conjugali,
1091 3470 1155 3529 post
1166 3464 1270 3518 diverse
1280 3458 1354 3529 qubus

152 3561 256 3613 turbari
269 3567 375 3626 poterat
393 3574 521 3615 curarum
540 3563 645 3616 semina
667 3576 764 3616 somno
788 3563 928 3630 paulisper
949 3561 1118 3629 indulsisset,
1142 3576 1194 3617 vox
1211 3545 1384 3618 acutule-h

152 3659 234 3711 missa
254 3659 354 3712 talibus
374 3660 493 3713 eundem
511 3663 568 3714 visa
589 3667 630 3714 est
652 3661 816 3728 compellere
837 3661 1032 3715 sermonibus:
1049 3662 1113 3723 <itte
1134 3663 1269 3730 tunderet,
1281 3658 1358 3727 inqut
1409 3652 1414 3757 t

151 3759 262 3825 marui,
274 3772 332 3825 per
343 3760 448 3812 corios
459 3760 661 3814 nutabundae
678 3762 791 3815 mentis
809 3760 976 3828 anfractas
996 3761 1031 3814 in
1038 3773 1195 3830 praeceps
1211 3754 1361 3817 attibuit!
1412 3765 1414 3829 l

150 3859 246 3919 Anne,
259 3858 341 3925 quod
361 3858 511 3913 hactenus
530 3861 664 3927 genitali
678 3860 850 3928 pigriorem
869 3873 980 3915 carere
1001 3860 1127 3915 videtur
1144 3858 1365 3931 poemenion
1410 3840 1414 3891 l

148 3969 245 4022 prave
256 3957 396 4024 corpupie
407 3958 513 4011 odium
531 3959 684 4013 exarsisti
693 3961 706 4013 i
716 3959 796 4014 Scito
812 3972 893 4027 erpo,
908 3960 1006 4026 inquit,
1019 3959 1148 4014 Domini
1163 3963 1309 4015 voluntas
1322 3959 1367 4022 est,

149 4056 276 4123 &usque
287 4058 343 4110 tibi
350 4071 410 4124 per
422 4071 470 4112 nte
480 4058 602 4114 directa
624 4060 747 4127 legatio,
761 4062 916 4128 qnatenus
928 4058 1057 4113 annuite
1076 4071 1238 4116 curarum
1248 4053 1401 4128 aittltctat'·ii

150 4155 205 4209 bus
219 4155 304 4210 licito
321 4170 362 4210 eu
380 4156 550 4224 inpeniaiis
570 4160 700 4226 copulae
718 4157 844 4227 fruaris
865 4157 1067 4212 matrimonio
1080 4175 1089 4212 .·
1102 4159 1264 4228 siquidem
1280 4162 1375 4233 fitium

146 4257 356 4322 amaturus
376 4257 461 4320 ades,
481 4257 536 4324 qai
551 4259 682 4325 proprio
701 4259 827 4313 nomine
837 4259 941 4314 dietus
963 4260 1135 4314 Macrinus
1157 4268 1325 4319 meatur
1343 4261 1377 4316 ab

149 4352 297 4406 omnibus.
311 4354 377 4419 Hic,
392 4353 533 4421 inquam,
547 4367 587 4407 en
604 4355 718 4408 matris
740 4359 828 4410 utero
840 4356 1038 4423 praeelectus
1058 4368 1080 4410 a
1104 4358 1252 4430 Domino,
1277 4372 1379 4430 magno

148 4452 216 4516 nus
226 4453 499 4520 pratiaepotietur
512 4453 657 4522 beieepicio
668 4472 677 4521 ,·
690 4456 782 4521 cuius
801 4457 830 4509 et
851 4456 988 4510 nominis
1010 4459 1201 4514 mandriole
1218 4463 1312 4516 nulio
1323 4474 1381 4514 rain·

149 4564 244 4619 quana
256 4552 386 4620 finietur
398 4553 431 4604 in
446 4555 590 4621 ternpore.
604 4553 652 4606 llis
670 4555 780 4609 interim
792 4555 913 4610 buticius
924 4567 1022 4610 somno
1040 4558 1270 4629 expergefactus,
1283 4558 1414 4617 necnont
