<?xml version="1.0" encoding="UTF-8"?>
<!DOCTYPE html PUBLIC "-//W3C//DTD XHTML 1.0 Transitional//EN"
    "http://www.w3.org/TR/xhtml1/DTD/xhtml1-transitional.dtd">
<html xmlns="http://www.w3.org/1999/xhtml" xml:lang="en" lang="en">
 <head>
  <title>
</title>
<meta http-equiv="Content-Type" content="text/html;charset=utf-8" />
  <meta name='ocr-system' content='tesseract 3.04.00' />
  <meta name='ocr-capabilities' content='ocr_page ocr_carea ocr_par ocr_line ocrx_word'/>
</head>
<body>
  <div class='ocr_page' id='page_1' title='image "./cataloguscodicu00manugoog_0398.png"; bbox 0 0 3076 5498; ppageno 0'>
   <div class='ocr_carea' id='block_1_1' title="bbox 354 319 1274 390">
    <p class='ocr_par' dir='ltr' id='par_1_1' title="bbox 354 319 1274 390">
     <span class='ocr_line' id='line_1_1' title="bbox 354 319 1274 390; baseline 0 -2"><span class='ocrx_word' id='word_1_1' title='bbox 354 340 448 390; x_wconf 83' lang='grc'><strong>1111.</strong></span> <span class='ocrx_word' id='word_1_2' title='bbox 468 339 552 390; x_wconf 79' lang='grc'><strong>111.</strong></span> <span class='ocrx_word' id='word_1_3' title='bbox 572 338 689 390; x_wconf 77' lang='lat' dir='ltr'><strong>raam.</strong></span> <span class='ocrx_word' id='word_1_4' title='bbox 707 359 753 368; x_wconf 99' lang='lat'><em>-</em></span> <span class='ocrx_word' id='word_1_5' title='bbox 769 337 849 388; x_wconf 88' lang='lat' dir='ltr'><strong>con.</strong></span> <span class='ocrx_word' id='word_1_6' title='bbox 869 335 959 387; x_wconf 81' lang='grc'><strong>1111.</strong></span> <span class='ocrx_word' id='word_1_7' title='bbox 1206 319 1274 388; x_wconf 83' lang='grc'><strong>385</strong></span> 
     </span>
    </p>
   </div>
   <div class='ocr_carea' id='block_1_2' title="bbox 129 504 1350 4732">
    <p class='ocr_par' dir='ltr' id='par_1_2' title="bbox 130 504 1350 875">
     <span class='ocr_line' id='line_1_2' title="bbox 130 504 1271 575; baseline 0 -15"><span class='ocrx_word' id='word_1_8' title='bbox 130 521 170 561; x_wconf 87' lang='lat' dir='ltr'><strong>tm</strong></span> <span class='ocrx_word' id='word_1_9' title='bbox 181 509 364 563; x_wconf 73' lang='lat' dir='ltr'><strong>Mauricum</strong></span> <span class='ocrx_word' id='word_1_10' title='bbox 373 509 489 562; x_wconf 81' lang='lat' dir='ltr'><strong>veritas</strong></span> <span class='ocrx_word' id='word_1_11' title='bbox 501 510 614 574; x_wconf 86' lang='lat' dir='ltr'><strong>aperta</strong></span> <span class='ocrx_word' id='word_1_12' title='bbox 628 509 684 562; x_wconf 84' lang='lat' dir='ltr'><strong>Det</strong></span> <span class='ocrx_word' id='word_1_13' title='bbox 694 507 803 575; x_wconf 78' lang='lat' dir='ltr'><strong>gratie</strong></span> <span class='ocrx_word' id='word_1_14' title='bbox 816 505 1022 574; x_wconf 79' lang='lat' dir='ltr'><strong>manifestata</strong></span> <span class='ocrx_word' id='word_1_15' title='bbox 1039 508 1095 574; x_wconf 82' lang='lat' dir='ltr'><strong>est,</strong></span> <span class='ocrx_word' id='word_1_16' title='bbox 1107 504 1271 560; x_wconf 79' lang='lat' dir='ltr'><strong>renuntia·</strong></span> 
     </span>
     <span class='ocr_line' id='line_1_3' title="bbox 131 605 1275 675; baseline -0.001 -17"><span class='ocrx_word' id='word_1_17' title='bbox 131 607 315 662; x_wconf 81' lang='lat' dir='ltr'><strong>interimitis</strong></span> <span class='ocrx_word' id='word_1_18' title='bbox 335 607 494 662; x_wconf 78' lang='lat' dir='ltr'><strong>erroribus</strong></span> <span class='ocrx_word' id='word_1_19' title='bbox 514 607 624 675; x_wconf 80' lang='lat' dir='ltr'><strong>quibua</strong></span> <span class='ocrx_word' id='word_1_20' title='bbox 646 607 803 674; x_wconf 78' lang='lat' dir='ltr'><strong>implicati</strong></span> <span class='ocrx_word' id='word_1_21' title='bbox 820 606 974 661; x_wconf 75' lang='lat' dir='ltr'><strong>‘baeterrae</strong></span> <span class='ocrx_word' id='word_1_22' title='bbox 994 605 1188 660; x_wconf 82' lang='lat' dir='ltr'><strong>videbamur.</strong></span> <span class='ocrx_word' id='word_1_23' title='bbox 1203 606 1275 658; x_wconf 89' lang='lat' dir='ltr'><strong>llaec</strong></span> 
     </span>
     <span class='ocr_line' id='line_1_4' title="bbox 130 707 1350 780; baseline -0.002 -20"><span class='ocrx_word' id='word_1_24' title='bbox 130 722 164 760; x_wconf 91' lang='lat' dir='ltr'><strong>ns</strong></span> <span class='ocrx_word' id='word_1_25' title='bbox 176 713 318 775; x_wconf 76' lang='lat' dir='ltr'><strong>tyrannus,</strong></span> <span class='ocrx_word' id='word_1_26' title='bbox 332 707 464 762; x_wconf 89' lang='lat' dir='ltr'><strong>decollari</strong></span> <span class='ocrx_word' id='word_1_27' title='bbox 478 722 574 762; x_wconf 91' lang='lat' dir='ltr'><strong>omnes</strong></span> <span class='ocrx_word' id='word_1_28' title='bbox 586 709 735 776; x_wconf 88' lang='lat' dir='ltr'><strong>praecepit,</strong></span> <span class='ocrx_word' id='word_1_29' title='bbox 750 709 886 776; x_wconf 86' lang='lat' dir='ltr'><strong>adjunctis</strong></span> <span class='ocrx_word' id='word_1_30' title='bbox 899 713 926 762; x_wconf 88' lang='lat' dir='ltr'><strong>et</strong></span> <span class='ocrx_word' id='word_1_31' title='bbox 937 709 1004 775; x_wconf 89' lang='lat' dir='ltr'><strong>ipsis</strong></span> <span class='ocrx_word' id='word_1_32' title='bbox 1016 708 1063 776; x_wconf 88' lang='lat' dir='ltr'><strong>qui</strong></span> <span class='ocrx_word' id='word_1_33' title='bbox 1075 720 1139 761; x_wconf 89' lang='lat' dir='ltr'><strong>cum</strong></span> <span class='ocrx_word' id='word_1_34' title='bbox 1151 707 1275 760; x_wconf 80' lang='grc'><strong>11111111</strong></span> <span class='ocrx_word' id='word_1_35' title='bbox 1347 775 1350 780; x_wconf 81' lang='lat'><strong>.</strong></span> 
     </span>
     <span class='ocr_line' id='line_1_5' title="bbox 130 805 1274 875; baseline 0.001 -17"><span class='ocrx_word' id='word_1_36' title='bbox 130 820 197 861; x_wconf 88' lang='lat' dir='ltr'><strong>rcere</strong></span> <span class='ocrx_word' id='word_1_37' title='bbox 207 809 263 875; x_wconf 80' lang='lat' dir='ltr'><strong>jam</strong></span> <span class='ocrx_word' id='word_1_38' title='bbox 277 806 383 862; x_wconf 89' lang='lat' dir='ltr'><strong>dudum</strong></span> <span class='ocrx_word' id='word_1_39' title='bbox 398 807 502 861; x_wconf 88' lang='lat' dir='ltr'><strong>detenti</strong></span> <span class='ocrx_word' id='word_1_40' title='bbox 516 809 633 862; x_wconf 83' lang='lat' dir='ltr'><strong>fuerant.</strong></span> <span class='ocrx_word' id='word_1_41' title='bbox 656 811 775 872; x_wconf 84' lang='lat' dir='ltr'><strong>Quorum</strong></span> <span class='ocrx_word' id='word_1_42' title='bbox 799 821 914 874; x_wconf 88' lang='lat' dir='ltr'><strong>corpora</strong></span> <span class='ocrx_word' id='word_1_43' title='bbox 935 808 1128 875; x_wconf 85' lang='lat' dir='ltr'><strong>aquibusdam</strong></span> <span class='ocrx_word' id='word_1_44' title='bbox 1140 805 1274 874; x_wconf 79' lang='lat' dir='ltr'><strong>religiosis</strong></span> 
     </span>
    </p>

    <p class='ocr_par' dir='ltr' id='par_1_3' title="bbox 130 909 529 975">
     <span class='ocr_line' id='line_1_6' title="bbox 130 909 529 975; baseline 0.01 -17"><span class='ocrx_word' id='word_1_45' title='bbox 130 912 162 974; x_wconf 85' lang='lat' dir='ltr'><strong>ta,</strong></span> <span class='ocrx_word' id='word_1_46' title='bbox 175 909 333 975; x_wconf 88' lang='lat' dir='ltr'><strong>sepulturae</strong></span> <span class='ocrx_word' id='word_1_47' title='bbox 346 909 444 962; x_wconf 88' lang='lat' dir='ltr'><strong>tradita</strong></span> <span class='ocrx_word' id='word_1_48' title='bbox 456 913 529 962; x_wconf 90' lang='lat' dir='ltr'><strong>sunt.</strong></span> 
     </span>
    </p>

    <p class='ocr_par' dir='ltr' id='par_1_4' title="bbox 130 1007 1272 1074">
     <span class='ocr_line' id='line_1_7' title="bbox 130 1007 1272 1074; baseline 0 -14"><span class='ocrx_word' id='word_1_49' title='bbox 130 1047 133 1060; x_wconf 91' lang='lat'><em>.</em></span> <span class='ocrx_word' id='word_1_50' title='bbox 150 1010 255 1061; x_wconf 89' lang='lat' dir='ltr'><strong>interea</strong></span> <span class='ocrx_word' id='word_1_51' title='bbox 268 1009 424 1074; x_wconf 81' lang='lat' dir='ltr'><strong>praemissis</strong></span> <span class='ocrx_word' id='word_1_52' title='bbox 436 1009 471 1062; x_wconf 89' lang='lat' dir='ltr'><strong>ad</strong></span> <span class='ocrx_word' id='word_1_53' title='bbox 485 1010 602 1074; x_wconf 92' lang='lat' dir='ltr'><strong>palmam</strong></span> <span class='ocrx_word' id='word_1_54' title='bbox 623 1008 869 1074; x_wconf 81' lang='lat' dir='ltr'><strong>commilitonibus,</strong></span> <span class='ocrx_word' id='word_1_55' title='bbox 885 1008 1049 1062; x_wconf 79' lang='lat' dir='ltr'><strong>fortissimus</strong></span> <span class='ocrx_word' id='word_1_56' title='bbox 1069 1007 1193 1062; x_wconf 89' lang='lat' dir='ltr'><strong>omnium</strong></span> <span class='ocrx_word' id='word_1_57' title='bbox 1210 1019 1272 1074; x_wconf 88' lang='lat' dir='ltr'><strong>ago·</strong></span> 
     </span>
    </p>

    <p class='ocr_par' dir='ltr' id='par_1_5' title="bbox 132 1108 1275 1176">
     <span class='ocr_line' id='line_1_8' title="bbox 132 1108 1275 1176; baseline 0.001 -17"><span class='ocrx_word' id='word_1_58' title='bbox 132 1109 268 1162; x_wconf 88' lang='lat' dir='ltr'><strong>llaurinus</strong></span> <span class='ocrx_word' id='word_1_59' title='bbox 279 1111 505 1176; x_wconf 88' lang='lat' dir='ltr'><strong>comprehensus,</strong></span> <span class='ocrx_word' id='word_1_60' title='bbox 519 1115 545 1162; x_wconf 91' lang='lat' dir='ltr'><strong>et</strong></span> <span class='ocrx_word' id='word_1_61' title='bbox 568 1111 625 1175; x_wconf 89' lang='lat' dir='ltr'><strong>ipse</strong></span> <span class='ocrx_word' id='word_1_62' title='bbox 645 1124 661 1163; x_wconf 91' lang='lat' dir='ltr'><strong>a</strong></span> <span class='ocrx_word' id='word_1_63' title='bbox 681 1111 813 1163; x_wconf 79' lang='lat' dir='ltr'><strong>militibus</strong></span> <span class='ocrx_word' id='word_1_64' title='bbox 825 1109 899 1163; x_wconf 89' lang='lat' dir='ltr'><strong>etad</strong></span> <span class='ocrx_word' id='word_1_65' title='bbox 913 1110 1046 1176; x_wconf 89' lang='lat' dir='ltr'><strong>principis</strong></span> <span class='ocrx_word' id='word_1_66' title='bbox 1058 1108 1179 1162; x_wconf 84' lang='lat' dir='ltr'><strong>tribunal</strong></span> <span class='ocrx_word' id='word_1_67' title='bbox 1195 1120 1275 1175; x_wconf 90' lang='lat' dir='ltr'><strong>prae·</strong></span> 
     </span>
    </p>

    <p class='ocr_par' dir='ltr' id='par_1_6' title="bbox 131 1209 1275 1276">
     <span class='ocr_line' id='line_1_9' title="bbox 131 1209 1275 1276; baseline 0.002 -19"><span class='ocrx_word' id='word_1_68' title='bbox 131 1211 180 1275; x_wconf 88' lang='lat' dir='ltr'><strong>tus,</strong></span> <span class='ocrx_word' id='word_1_69' title='bbox 193 1209 349 1275; x_wconf 81' lang='lat' dir='ltr'><strong>quaestioni</strong></span> <span class='ocrx_word' id='word_1_70' title='bbox 371 1210 512 1262; x_wconf 79' lang='lat' dir='ltr'><strong>subicitur.</strong></span> <span class='ocrx_word' id='word_1_71' title='bbox 526 1211 612 1273; x_wconf 81' lang='lat' dir='ltr'><strong>Quem</strong></span> <span class='ocrx_word' id='word_1_72' title='bbox 622 1209 708 1276; x_wconf 77' lang='lat' dir='ltr'><strong>ludex</strong></span> <span class='ocrx_word' id='word_1_73' title='bbox 730 1222 805 1263; x_wconf 91' lang='grc'><strong>1111</strong></span> <span class='ocrx_word' id='word_1_74' title='bbox 822 1210 936 1276; x_wconf 86' lang='lat' dir='ltr'><strong>pulsans</strong></span> <span class='ocrx_word' id='word_1_75' title='bbox 948 1209 1110 1273; x_wconf 77' lang='lat' dir='ltr'><strong>terroribus,</strong></span> <span class='ocrx_word' id='word_1_76' title='bbox 1124 1220 1199 1261; x_wconf 91' lang='lat' dir='ltr'><strong>nunc</strong></span> <span class='ocrx_word' id='word_1_77' title='bbox 1210 1218 1275 1261; x_wconf 87' lang='lat' dir='ltr'><strong>vero</strong></span> 
     </span>
    </p>

    <p class='ocr_par' dir='ltr' id='par_1_7' title="bbox 131 1305 1277 1376">
     <span class='ocr_line' id='line_1_10' title="bbox 131 1305 1277 1376; baseline 0 -18"><span class='ocrx_word' id='word_1_78' title='bbox 131 1307 224 1359; x_wconf 89' lang='lat' dir='ltr'><strong>ulcens</strong></span> <span class='ocrx_word' id='word_1_79' title='bbox 235 1306 387 1373; x_wconf 85' lang='lat' dir='ltr'><strong>blanditiis,</strong></span> <span class='ocrx_word' id='word_1_80' title='bbox 400 1308 496 1376; x_wconf 89' lang='lat' dir='ltr'><strong>agebat</strong></span> <span class='ocrx_word' id='word_1_81' title='bbox 509 1308 639 1360; x_wconf 89' lang='lat' dir='ltr'><strong>nimirum</strong></span> <span class='ocrx_word' id='word_1_82' title='bbox 661 1309 779 1376; x_wconf 84' lang='lat' dir='ltr'><strong>qualiter</strong></span> <span class='ocrx_word' id='word_1_83' title='bbox 801 1322 864 1361; x_wconf 88' lang='lat' dir='ltr'><strong>eum</strong></span> <span class='ocrx_word' id='word_1_84' title='bbox 886 1308 919 1362; x_wconf 90' lang='lat' dir='ltr'><strong>ad</strong></span> <span class='ocrx_word' id='word_1_85' title='bbox 941 1307 1076 1362; x_wconf 84' lang='lat' dir='ltr'><strong>sacrificia</strong></span> <span class='ocrx_word' id='word_1_86' title='bbox 1099 1305 1277 1373; x_wconf 89' lang='lat' dir='ltr'><strong>compelleret</strong></span> 
     </span>
    </p>

    <p class='ocr_par' dir='ltr' id='par_1_8' title="bbox 130 1405 1279 1475">
     <span class='ocr_line' id='line_1_11' title="bbox 130 1405 1279 1475; baseline 0 -17"><span class='ocrx_word' id='word_1_87' title='bbox 130 1419 185 1458; x_wconf 90' lang='lat' dir='ltr'><strong>rum</strong></span> <span class='ocrx_word' id='word_1_88' title='bbox 199 1423 206 1458; x_wconf 92' lang='lat'><strong>:</strong></span> <span class='ocrx_word' id='word_1_89' title='bbox 219 1407 343 1474; x_wconf 80' lang='lat' dir='ltr'><strong>alioquin</strong></span> <span class='ocrx_word' id='word_1_90' title='bbox 357 1420 408 1461; x_wconf 88' lang='lat' dir='ltr'><strong>nec</strong></span> <span class='ocrx_word' id='word_1_91' title='bbox 421 1408 472 1461; x_wconf 92' lang='lat' dir='ltr'><strong>sibi</strong></span> <span class='ocrx_word' id='word_1_92' title='bbox 485 1408 598 1475; x_wconf 90' lang='lat' dir='ltr'><strong>impune</strong></span> <span class='ocrx_word' id='word_1_93' title='bbox 613 1407 681 1474; x_wconf 83' lang='lat' dir='ltr'><strong>lore,</strong></span> <span class='ocrx_word' id='word_1_94' title='bbox 696 1409 748 1461; x_wconf 91' lang='lat' dir='ltr'><strong>nisi</strong></span> <span class='ocrx_word' id='word_1_95' title='bbox 761 1421 827 1462; x_wconf 89' lang='lat' dir='ltr'><strong>suae</strong></span> <span class='ocrx_word' id='word_1_96' title='bbox 840 1407 1003 1475; x_wconf 84' lang='lat' dir='ltr'><strong>quantocius</strong></span> <span class='ocrx_word' id='word_1_97' title='bbox 1015 1405 1187 1475; x_wconf 83' lang='lat' dir='ltr'><strong>persuasioni</strong></span> <span class='ocrx_word' id='word_1_98' title='bbox 1201 1405 1279 1458; x_wconf 89' lang='lat' dir='ltr'><strong>satis·</strong></span> 
     </span>
    </p>

    <p class='ocr_par' dir='ltr' id='par_1_9' title="bbox 131 1505 1278 1574">
     <span class='ocr_line' id='line_1_12' title="bbox 131 1505 1278 1574; baseline 0 -18"><span class='ocrx_word' id='word_1_99' title='bbox 131 1511 163 1572; x_wconf 82' lang='lat' dir='ltr'><strong>et,</strong></span> <span class='ocrx_word' id='word_1_100' title='bbox 175 1510 206 1558; x_wconf 91' lang='lat' dir='ltr'><strong>ut</strong></span> <span class='ocrx_word' id='word_1_101' title='bbox 216 1505 271 1558; x_wconf 91' lang='lat' dir='ltr'><strong>diis</strong></span> <span class='ocrx_word' id='word_1_102' title='bbox 282 1506 413 1560; x_wconf 83' lang='lat' dir='ltr'><strong>libamina</strong></span> <span class='ocrx_word' id='word_1_103' title='bbox 428 1507 591 1561; x_wconf 91' lang='lat' dir='ltr'><strong>immolaret.</strong></span> <span class='ocrx_word' id='word_1_104' title='bbox 610 1507 649 1559; x_wconf 83' lang='lat' dir='ltr'><strong>ild</strong></span> <span class='ocrx_word' id='word_1_105' title='bbox 671 1508 738 1560; x_wconf 93' lang='lat' dir='ltr'><strong>haec</strong></span> <span class='ocrx_word' id='word_1_106' title='bbox 755 1507 854 1560; x_wconf 83' lang='lat' dir='ltr'><strong>Christi</strong></span> <span class='ocrx_word' id='word_1_107' title='bbox 875 1507 964 1574; x_wconf 85' lang='lat' dir='ltr'><strong>miles,</strong></span> <span class='ocrx_word' id='word_1_108' title='bbox 987 1519 1044 1560; x_wconf 97' lang='lat' dir='ltr'><strong>non</strong></span> <span class='ocrx_word' id='word_1_109' title='bbox 1061 1506 1129 1560; x_wconf 88' lang='lat' dir='ltr'><strong>adeo</strong></span> <span class='ocrx_word' id='word_1_110' title='bbox 1139 1506 1278 1558; x_wconf 88' lang='lat' dir='ltr'><strong>minarum</strong></span> 
     </span>
    </p>

    <p class='ocr_par' dir='ltr' id='par_1_10' title="bbox 130 1581 1284 2364">
     <span class='ocr_line' id='line_1_13' title="bbox 130 1581 1281 1672; baseline 0.003 -18"><span class='ocrx_word' id='word_1_111' title='bbox 130 1608 227 1657; x_wconf 87' lang='lat' dir='ltr'><strong>terrore</strong></span> <span class='ocrx_word' id='word_1_112' title='bbox 239 1610 389 1670; x_wconf 87' lang='lat' dir='ltr'><strong>permotus,</strong></span> <span class='ocrx_word' id='word_1_113' title='bbox 402 1581 539 1658; x_wconf 76' lang='lat' dir='ltr'><strong>constanti</strong></span> <span class='ocrx_word' id='word_1_114' title='bbox 551 1606 645 1659; x_wconf 90' lang='lat' dir='ltr'><strong>animo</strong></span> <span class='ocrx_word' id='word_1_115' title='bbox 659 1611 775 1672; x_wconf 81' lang='lat' dir='ltr'><strong>tyranno</strong></span> <span class='ocrx_word' id='word_1_116' title='bbox 787 1604 856 1658; x_wconf 85' lang='lat' dir='ltr'><strong>dixit</strong></span> <span class='ocrx_word' id='word_1_117' title='bbox 868 1621 875 1658; x_wconf 75' lang='grc' dir='ltr'><strong><em>ε</em></strong></span> <span class='ocrx_word' id='word_1_118' title='bbox 893 1604 1076 1672; x_wconf 80' lang='lat' dir='ltr'><strong>Sufficiette</strong></span> <span class='ocrx_word' id='word_1_119' title='bbox 1087 1613 1281 1670; x_wconf 75' lang='lat' dir='ltr'><strong>nuncusque</strong></span> 
     </span>
     <span class='ocr_line' id='line_1_14' title="bbox 130 1703 1282 1774; baseline 0.002 -19"><span class='ocrx_word' id='word_1_120' title='bbox 130 1715 155 1769; x_wconf 86' lang='grc'><strong>1,</strong></span> <span class='ocrx_word' id='word_1_121' title='bbox 167 1717 183 1758; x_wconf 90' lang='grc'><strong>1</strong></span> <span class='ocrx_word' id='word_1_122' title='bbox 189 1703 350 1772; x_wconf 81' lang='lat' dir='ltr'><strong>princeps,</strong></span> <span class='ocrx_word' id='word_1_123' title='bbox 363 1704 559 1758; x_wconf 80' lang='lat' dir='ltr'><strong>verbositatis</strong></span> <span class='ocrx_word' id='word_1_124' title='bbox 571 1708 758 1773; x_wconf 82' lang='lat' dir='ltr'><strong>argumenta</strong></span> <span class='ocrx_word' id='word_1_125' title='bbox 771 1705 972 1772; x_wconf 71' lang='lat' dir='ltr'><strong>provenisse</strong></span> <span class='ocrx_word' id='word_1_126' title='bbox 984 1706 1013 1759; x_wconf 94' lang='lat' dir='ltr'><strong>et</strong></span> <span class='ocrx_word' id='word_1_127' title='bbox 1021 1703 1204 1774; x_wconf 79' lang='lat' dir='ltr'><strong>hujusmodi</strong></span> <span class='ocrx_word' id='word_1_128' title='bbox 1209 1715 1282 1772; x_wconf 80' lang='lat' dir='ltr'><strong>per·</strong></span> 
     </span>
     <span class='ocr_line' id='line_1_15' title="bbox 130 1802 1281 1873; baseline 0.002 -19"><span class='ocrx_word' id='word_1_129' title='bbox 130 1802 204 1869; x_wconf 73' lang='lat' dir='ltr'><strong>licat,</strong></span> <span class='ocrx_word' id='word_1_130' title='bbox 220 1816 282 1871; x_wconf 83' lang='lat' dir='ltr'><strong>pue</strong></span> <span class='ocrx_word' id='word_1_131' title='bbox 293 1817 343 1857; x_wconf 88' lang='lat' dir='ltr'><strong>me</strong></span> <span class='ocrx_word' id='word_1_132' title='bbox 351 1805 498 1859; x_wconf 77' lang='lat' dir='ltr'><strong>reducere</strong></span> <span class='ocrx_word' id='word_1_133' title='bbox 509 1804 655 1872; x_wconf 78' lang='lat' dir='ltr'><strong>viperina</strong></span> <span class='ocrx_word' id='word_1_134' title='bbox 667 1803 927 1873; x_wconf 59' lang='lat' dir='ltr'><strong>frendentem,</strong></span> <span class='ocrx_word' id='word_1_135' title='bbox 937 1806 1032 1873; x_wconf 77' lang='lat' dir='ltr'><strong>tinem</strong></span> <span class='ocrx_word' id='word_1_136' title='bbox 1041 1804 1174 1870; x_wconf 82' lang='lat' dir='ltr'><strong>impone.</strong></span> <span class='ocrx_word' id='word_1_137' title='bbox 1186 1802 1281 1858; x_wconf 79' lang='lat' dir='ltr'><strong>Nobis</strong></span> 
     </span>
     <span class='ocr_line' id='line_1_16' title="bbox 130 1901 1283 1973; baseline 0.001 -19"><span class='ocrx_word' id='word_1_138' title='bbox 130 1902 220 1956; x_wconf 73' lang='lat' dir='ltr'><strong>mittit</strong></span> <span class='ocrx_word' id='word_1_139' title='bbox 232 1902 325 1956; x_wconf 78' lang='lat' dir='ltr'><strong>aliud</strong></span> <span class='ocrx_word' id='word_1_140' title='bbox 334 1904 529 1971; x_wconf 81' lang='lat' dir='ltr'><strong>persuadere</strong></span> <span class='ocrx_word' id='word_1_141' title='bbox 536 1905 666 1973; x_wconf 80' lang='lat' dir='ltr'><strong>poteris,</strong></span> <span class='ocrx_word' id='word_1_142' title='bbox 680 1905 757 1971; x_wconf 78' lang='lat' dir='ltr'><strong>quin</strong></span> <span class='ocrx_word' id='word_1_143' title='bbox 773 1903 987 1959; x_wconf 81' lang='lat' dir='ltr'><strong>christianum</strong></span> <span class='ocrx_word' id='word_1_144' title='bbox 998 1915 1056 1970; x_wconf 85' lang='lat' dir='ltr'><strong>me,</strong></span> <span class='ocrx_word' id='word_1_145' title='bbox 1067 1903 1222 1968; x_wconf 73' lang='lat' dir='ltr'><strong>stratore,</strong></span> <span class='ocrx_word' id='word_1_146' title='bbox 1236 1901 1283 1955; x_wconf 85' lang='lat' dir='ltr'><strong>ita</strong></span> 
     </span>
     <span class='ocr_line' id='line_1_17' title="bbox 130 2001 1284 2070; baseline 0.003 -19"><span class='ocrx_word' id='word_1_147' title='bbox 130 2001 184 2054; x_wconf 76' lang='lat' dir='ltr'><strong>vde</strong></span> <span class='ocrx_word' id='word_1_148' title='bbox 190 2001 366 2070; x_wconf 81' lang='lat' dir='ltr'><strong>profitear,·</strong></span> <span class='ocrx_word' id='word_1_149' title='bbox 378 2004 408 2055; x_wconf 86' lang='lat' dir='ltr'><strong>et</strong></span> <span class='ocrx_word' id='word_1_150' title='bbox 420 2001 455 2054; x_wconf 78' lang='lat' dir='ltr'><strong>in</strong></span> <span class='ocrx_word' id='word_1_151' title='bbox 467 2002 529 2056; x_wconf 81' lang='lat' dir='ltr'><strong>iata</strong></span> <span class='ocrx_word' id='word_1_152' title='bbox 542 2003 597 2057; x_wconf 84' lang='lat' dir='ltr'><strong>Dei</strong></span> <span class='ocrx_word' id='word_1_153' title='bbox 608 2003 711 2056; x_wconf 79' lang='lat' dir='ltr'><strong>nostri</strong></span> <span class='ocrx_word' id='word_1_154' title='bbox 722 2001 914 2070; x_wconf 76' lang='lat' dir='ltr'><strong>consessione</strong></span> <span class='ocrx_word' id='word_1_155' title='bbox 932 2001 1134 2056; x_wconf 85' lang='lat' dir='ltr'><strong>immobiliter</strong></span> <span class='ocrx_word' id='word_1_156' title='bbox 1139 2011 1284 2068; x_wconf 81' lang='lat' dir='ltr'><strong>perseve-</strong></span> 
     </span>
     <span class='ocr_line' id='line_1_18' title="bbox 130 2080 1283 2169; baseline 0.002 -21"><span class='ocrx_word' id='word_1_157' title='bbox 130 2080 225 2152; x_wconf 69' lang='lat' dir='ltr'><strong>emori</strong></span> <span class='ocrx_word' id='word_1_158' title='bbox 237 2099 368 2154; x_wconf 79' lang='lat' dir='ltr'><strong>libenter</strong></span> <span class='ocrx_word' id='word_1_159' title='bbox 378 2099 527 2154; x_wconf 78' lang='lat' dir='ltr'><strong>desidero.</strong></span> <span class='ocrx_word' id='word_1_160' title='bbox 542 2101 637 2159; x_wconf 82' lang='lat' dir='ltr'><strong>Haec.</strong></span> <span class='ocrx_word' id='word_1_161' title='bbox 649 2102 747 2169; x_wconf 87' lang='lat' dir='ltr'><strong>inquit,</strong></span> <span class='ocrx_word' id='word_1_162' title='bbox 761 2102 908 2155; x_wconf 83' lang='grc'><strong>11111111</strong></span> <span class='ocrx_word' id='word_1_163' title='bbox 925 2113 1004 2166; x_wconf 83' lang='lat' dir='ltr'><strong>mee,</strong></span> <span class='ocrx_word' id='word_1_164' title='bbox 1018 2099 1075 2154; x_wconf 83' lang='lat' dir='ltr'><strong>boe</strong></span> <span class='ocrx_word' id='word_1_165' title='bbox 1087 2097 1283 2153; x_wconf 75' lang='grc'><strong>1111111111-</strong></span> 
     </span>
     <span class='ocr_line' id='line_1_19' title="bbox 130 2194 1283 2266; baseline 0.001 -19"><span class='ocrx_word' id='word_1_166' title='bbox 130 2194 187 2263; x_wconf 64' lang='lat' dir='ltr'><strong>fam,</strong></span> <span class='ocrx_word' id='word_1_167' title='bbox 205 2209 264 2264; x_wconf 85' lang='lat' dir='ltr'><strong>pro</strong></span> <span class='ocrx_word' id='word_1_168' title='bbox 289 2196 405 2252; x_wconf 75' lang='lat' dir='ltr'><strong>Christi</strong></span> <span class='ocrx_word' id='word_1_169' title='bbox 428 2210 535 2252; x_wconf 84' lang='lat' dir='ltr'><strong>amore</strong></span> <span class='ocrx_word' id='word_1_170' title='bbox 557 2201 586 2252; x_wconf 89' lang='lat' dir='ltr'><strong>et</strong></span> <span class='ocrx_word' id='word_1_171' title='bbox 609 2199 763 2266; x_wconf 79' lang='lat' dir='ltr'><strong>reiigione</strong></span> <span class='ocrx_word' id='word_1_172' title='bbox 786 2199 821 2251; x_wconf 84' lang='lat' dir='ltr'><strong>ire</strong></span> <span class='ocrx_word' id='word_1_173' title='bbox 842 2197 1059 2264; x_wconf 74' lang='lat' dir='ltr'><strong>aamercort,</strong></span> <span class='ocrx_word' id='word_1_174' title='bbox 1081 2199 1117 2250; x_wconf 82' lang='lat' dir='ltr'><strong>ut</strong></span> <span class='ocrx_word' id='word_1_175' title='bbox 1136 2198 1283 2250; x_wconf 75' lang='lat' dir='ltr'><strong>mortuus</strong></span> 
     </span>
     <span class='ocr_line' id='line_1_20' title="bbox 130 2294 1151 2364; baseline 0.003 -19"><span class='ocrx_word' id='word_1_176' title='bbox 130 2305 177 2347; x_wconf 84' lang='lat' dir='ltr'><strong>ear</strong></span> <span class='ocrx_word' id='word_1_177' title='bbox 185 2295 335 2349; x_wconf 76' lang='lat' dir='ltr'><strong>cormmri</strong></span> <span class='ocrx_word' id='word_1_178' title='bbox 345 2298 375 2350; x_wconf 90' lang='lat' dir='ltr'><strong>et</strong></span> <span class='ocrx_word' id='word_1_179' title='bbox 383 2299 533 2364; x_wconf 76' lang='lat' dir='ltr'><strong>perpetuo</strong></span> <span class='ocrx_word' id='word_1_180' title='bbox 545 2310 617 2351; x_wconf 84' lang='lat' dir='ltr'><strong>cum</strong></span> <span class='ocrx_word' id='word_1_181' title='bbox 632 2298 753 2353; x_wconf 80' lang='lat' dir='ltr'><strong>Christo</strong></span> <span class='ocrx_word' id='word_1_182' title='bbox 765 2296 800 2350; x_wconf 77' lang='lat' dir='ltr'><strong>iat</strong></span> <span class='ocrx_word' id='word_1_183' title='bbox 812 2296 993 2351; x_wconf 76' lang='lat' dir='ltr'><strong>caelestibus</strong></span> <span class='ocrx_word' id='word_1_184' title='bbox 1004 2294 1151 2364; x_wconf 80' lang='lat' dir='ltr'><strong>gloriari.</strong></span> 
     </span>
    </p>

    <p class='ocr_par' dir='ltr' id='par_1_11' title="bbox 129 2392 1292 3853">
     <span class='ocr_line' id='line_1_21' title="bbox 130 2392 1284 2460; baseline -0.002 -13"><span class='ocrx_word' id='word_1_185' title='bbox 130 2392 144 2445; x_wconf 77' lang='lat' dir='ltr'><strong>t,</strong></span> <span class='ocrx_word' id='word_1_186' title='bbox 160 2397 225 2447; x_wconf 86' lang='lat' dir='ltr'><strong>curn</strong></span> <span class='ocrx_word' id='word_1_187' title='bbox 237 2394 307 2448; x_wconf 89' lang='lat' dir='ltr'><strong>haee</strong></span> <span class='ocrx_word' id='word_1_188' title='bbox 318 2399 408 2448; x_wconf 89' lang='lat' dir='ltr'><strong>autem</strong></span> <span class='ocrx_word' id='word_1_189' title='bbox 421 2395 496 2448; x_wconf 89' lang='lat' dir='ltr'><strong>illius</strong></span> <span class='ocrx_word' id='word_1_190' title='bbox 509 2398 591 2450; x_wconf 88' lang='lat' dir='ltr'><strong>verba</strong></span> <span class='ocrx_word' id='word_1_191' title='bbox 604 2398 735 2451; x_wconf 89' lang='lat' dir='ltr'><strong>contusus</strong></span> <span class='ocrx_word' id='word_1_192' title='bbox 747 2403 840 2450; x_wconf 89' lang='lat' dir='ltr'><strong>mente</strong></span> <span class='ocrx_word' id='word_1_193' title='bbox 851 2396 1007 2449; x_wconf 83' lang='lat' dir='ltr'><strong>Valduanus</strong></span> <span class='ocrx_word' id='word_1_194' title='bbox 1016 2396 1129 2450; x_wconf 88' lang='lat' dir='ltr'><strong>auribus</strong></span> <span class='ocrx_word' id='word_1_195' title='bbox 1141 2395 1284 2460; x_wconf 84' lang='lat' dir='ltr'><strong>hausisset,</strong></span> 
     </span>
     <span class='ocr_line' id='line_1_22' title="bbox 130 2493 1286 2563; baseline 0.003 -22"><span class='ocrx_word' id='word_1_196' title='bbox 130 2497 227 2547; x_wconf 85' lang='lat' dir='ltr'><strong>atoma</strong></span> <span class='ocrx_word' id='word_1_197' title='bbox 247 2498 398 2560; x_wconf 90' lang='lat' dir='ltr'><strong>conspectu</strong></span> <span class='ocrx_word' id='word_1_198' title='bbox 418 2507 469 2547; x_wconf 91' lang='lat' dir='ltr'><strong>suo</strong></span> <span class='ocrx_word' id='word_1_199' title='bbox 486 2496 533 2547; x_wconf 81' lang='lat' dir='ltr'><strong>liei</strong></span> <span class='ocrx_word' id='word_1_200' title='bbox 554 2501 700 2563; x_wconf 83' lang='lat' dir='ltr'><strong>martyrem</strong></span> <span class='ocrx_word' id='word_1_201' title='bbox 718 2497 796 2562; x_wconf 85' lang='lat' dir='ltr'><strong>jubet</strong></span> <span class='ocrx_word' id='word_1_202' title='bbox 816 2494 991 2548; x_wconf 86' lang='lat' dir='ltr'><strong>validissimis</strong></span> <span class='ocrx_word' id='word_1_203' title='bbox 1011 2495 1123 2548; x_wconf 79' lang='lat' dir='ltr'><strong>mnibus</strong></span> <span class='ocrx_word' id='word_1_204' title='bbox 1143 2493 1286 2562; x_wconf 90' lang='lat' dir='ltr'><strong>religatum</strong></span> 
     </span>
     <span class='ocr_line' id='line_1_23' title="bbox 130 2587 1287 2658; baseline 0.003 -19"><span class='ocrx_word' id='word_1_205' title='bbox 130 2587 178 2641; x_wconf 88' lang='lat' dir='ltr'><strong>lom</strong></span> <span class='ocrx_word' id='word_1_206' title='bbox 189 2592 371 2658; x_wconf 79' lang='lat' dir='ltr'><strong>oppressione</strong></span> <span class='ocrx_word' id='word_1_207' title='bbox 380 2591 506 2657; x_wconf 89' lang='lat' dir='ltr'><strong>jaculari.</strong></span> <span class='ocrx_word' id='word_1_208' title='bbox 519 2595 580 2645; x_wconf 88' lang='lat' dir='ltr'><strong>iam</strong></span> <span class='ocrx_word' id='word_1_209' title='bbox 592 2607 657 2646; x_wconf 88' lang='lat' dir='ltr'><strong>vero</strong></span> <span class='ocrx_word' id='word_1_210' title='bbox 669 2607 731 2646; x_wconf 90' lang='lat' dir='ltr'><strong>cum</strong></span> <span class='ocrx_word' id='word_1_211' title='bbox 741 2593 846 2647; x_wconf 88' lang='lat' dir='ltr'><strong>crebris</strong></span> <span class='ocrx_word' id='word_1_212' title='bbox 858 2593 974 2647; x_wconf 91' lang='lat' dir='ltr'><strong>telorum</strong></span> <span class='ocrx_word' id='word_1_213' title='bbox 986 2593 1086 2645; x_wconf 89' lang='lat' dir='ltr'><strong>ictibus</strong></span> <span class='ocrx_word' id='word_1_214' title='bbox 1099 2605 1148 2658; x_wconf 90' lang='lat' dir='ltr'><strong>per</strong></span> <span class='ocrx_word' id='word_1_215' title='bbox 1160 2592 1287 2644; x_wconf 88' lang='lat' dir='ltr'><strong>lictorum</strong></span> 
     </span>
     <span class='ocr_line' id='line_1_24' title="bbox 131 2691 1289 2761; baseline 0.003 -22"><span class='ocrx_word' id='word_1_216' title='bbox 131 2700 158 2740; x_wconf 88' lang='lat' dir='ltr'><strong>us</strong></span> <span class='ocrx_word' id='word_1_217' title='bbox 168 2691 261 2757; x_wconf 89' lang='lat' dir='ltr'><strong>agitari</strong></span> <span class='ocrx_word' id='word_1_218' title='bbox 273 2691 418 2757; x_wconf 89' lang='lat' dir='ltr'><strong>coepisset,</strong></span> <span class='ocrx_word' id='word_1_219' title='bbox 428 2697 456 2744; x_wconf 89' lang='lat' dir='ltr'><strong>et</strong></span> <span class='ocrx_word' id='word_1_220' title='bbox 466 2692 514 2744; x_wconf 91' lang='lat' dir='ltr'><strong>ille</strong></span> <span class='ocrx_word' id='word_1_221' title='bbox 526 2693 555 2744; x_wconf 91' lang='grc'><strong>11</strong></span> <span class='ocrx_word' id='word_1_222' title='bbox 574 2692 730 2761; x_wconf 84' lang='lat' dir='ltr'><strong>hujusmodi</strong></span> <span class='ocrx_word' id='word_1_223' title='bbox 741 2693 870 2747; x_wconf 87' lang='lat' dir='ltr'><strong>immotus</strong></span> <span class='ocrx_word' id='word_1_224' title='bbox 882 2704 988 2760; x_wconf 88' lang='lat' dir='ltr'><strong>pugnae</strong></span> <span class='ocrx_word' id='word_1_225' title='bbox 999 2692 1131 2745; x_wconf 83' lang='lat' dir='ltr'><strong>exercitio</strong></span> <span class='ocrx_word' id='word_1_226' title='bbox 1142 2691 1289 2744; x_wconf 85' lang='lat' dir='ltr'><strong>bominum</strong></span> 
     </span>
     <span class='ocr_line' id='line_1_25' title="bbox 131 2790 1290 2859; baseline 0.003 -20"><span class='ocrx_word' id='word_1_227' title='bbox 131 2795 226 2855; x_wconf 88' lang='lat' dir='ltr'><strong>aretur,</strong></span> <span class='ocrx_word' id='word_1_228' title='bbox 239 2795 392 2857; x_wconf 89' lang='lat' dir='ltr'><strong>coeperunt</strong></span> <span class='ocrx_word' id='word_1_229' title='bbox 405 2791 447 2844; x_wconf 93' lang='lat' dir='ltr'><strong>his</strong></span> <span class='ocrx_word' id='word_1_230' title='bbox 459 2792 528 2859; x_wconf 89' lang='lat' dir='ltr'><strong>ipsis</strong></span> <span class='ocrx_word' id='word_1_231' title='bbox 540 2793 699 2858; x_wconf 87' lang='lat' dir='ltr'><strong>adversarii,</strong></span> <span class='ocrx_word' id='word_1_232' title='bbox 713 2793 814 2858; x_wconf 88' lang='lat' dir='ltr'><strong>quibus</strong></span> <span class='ocrx_word' id='word_1_233' title='bbox 826 2804 856 2844; x_wconf 86' lang='lat' dir='ltr'><strong>se</strong></span> <span class='ocrx_word' id='word_1_234' title='bbox 865 2791 996 2844; x_wconf 89' lang='lat' dir='ltr'><strong>athletam</strong></span> <span class='ocrx_word' id='word_1_235' title='bbox 1007 2791 1155 2843; x_wconf 91' lang='lat' dir='ltr'><strong>missilibus</strong></span> <span class='ocrx_word' id='word_1_236' title='bbox 1167 2790 1290 2843; x_wconf 88' lang='lat' dir='ltr'><strong>lacerare</strong></span> 
     </span>
     <span class='ocr_line' id='line_1_26' title="bbox 130 2889 1289 2959; baseline 0.004 -24"><span class='ocrx_word' id='word_1_237' title='bbox 130 2895 194 2955; x_wconf 89' lang='lat' dir='ltr'><strong>rent,</strong></span> <span class='ocrx_word' id='word_1_238' title='bbox 208 2891 374 2944; x_wconf 88' lang='lat' dir='ltr'><strong>econtrario</strong></span> <span class='ocrx_word' id='word_1_239' title='bbox 387 2890 415 2942; x_wconf 92' lang='grc'><strong>11</strong></span> <span class='ocrx_word' id='word_1_240' title='bbox 429 2904 459 2944; x_wconf 91' lang='lat' dir='ltr'><strong>se</strong></span> <span class='ocrx_word' id='word_1_241' title='bbox 481 2891 592 2944; x_wconf 86' lang='lat' dir='ltr'><strong>retortis</strong></span> <span class='ocrx_word' id='word_1_242' title='bbox 603 2891 722 2959; x_wconf 85' lang='lat' dir='ltr'><strong>graviter</strong></span> <span class='ocrx_word' id='word_1_243' title='bbox 743 2890 893 2943; x_wconf 88' lang='lat' dir='ltr'><strong>vulnerari.</strong></span> <span class='ocrx_word' id='word_1_244' title='bbox 907 2889 983 2954; x_wconf 81' lang='lat' dir='ltr'><strong>Quod</strong></span> <span class='ocrx_word' id='word_1_245' title='bbox 1005 2895 1137 2957; x_wconf 83' lang='lat' dir='ltr'><strong>tyrannus</strong></span> <span class='ocrx_word' id='word_1_246' title='bbox 1154 2900 1219 2942; x_wconf 92' lang='lat' dir='ltr'><strong>casu</strong></span> <span class='ocrx_word' id='word_1_247' title='bbox 1232 2901 1289 2942; x_wconf 90' lang='grc'><strong>111</strong></span> 
     </span>
     <span class='ocr_line' id='line_1_27' title="bbox 130 2989 1291 3057; baseline 0 -19"><span class='ocrx_word' id='word_1_248' title='bbox 130 2997 152 3040; x_wconf 72' lang='lat' dir='ltr'><strong>en</strong></span> <span class='ocrx_word' id='word_1_249' title='bbox 165 2990 277 3042; x_wconf 90' lang='lat' dir='ltr'><strong>numine</strong></span> <span class='ocrx_word' id='word_1_250' title='bbox 295 2990 443 3057; x_wconf 77' lang='lat' dir='ltr'><strong>contigisse</strong></span> <span class='ocrx_word' id='word_1_251' title='bbox 455 2992 632 3055; x_wconf 86' lang='lat' dir='ltr'><strong>[aestimans]‚</strong></span> <span class='ocrx_word' id='word_1_252' title='bbox 644 2992 784 3056; x_wconf 89' lang='lat' dir='ltr'><strong>copiosum</strong></span> <span class='ocrx_word' id='word_1_253' title='bbox 806 2990 906 3043; x_wconf 86' lang='lat' dir='ltr'><strong>exinde</strong></span> <span class='ocrx_word' id='word_1_254' title='bbox 919 2991 1010 3057; x_wconf 92' lang='lat' dir='ltr'><strong>ignem</strong></span> <span class='ocrx_word' id='word_1_255' title='bbox 1030 2990 1144 3042; x_wconf 89' lang='lat' dir='ltr'><strong>accendi</strong></span> <span class='ocrx_word' id='word_1_256' title='bbox 1159 2989 1248 3056; x_wconf 82' lang='lat' dir='ltr'><strong>jubet,</strong></span> <span class='ocrx_word' id='word_1_257' title='bbox 1259 2991 1291 3039; x_wconf 91' lang='lat' dir='ltr'><strong>ut</strong></span> 
     </span>
     <span class='ocr_line' id='line_1_28' title="bbox 130 3085 1290 3156; baseline 0 -18"><span class='ocrx_word' id='word_1_258' title='bbox 130 3085 160 3146; x_wconf 84' lang='lat' dir='ltr'><strong>lus</strong></span> <span class='ocrx_word' id='word_1_259' title='bbox 172 3090 260 3143; x_wconf 88' lang='lat' dir='ltr'><strong>medio</strong></span> <span class='ocrx_word' id='word_1_260' title='bbox 273 3091 481 3154; x_wconf 79' lang='lat' dir='ltr'><strong>martyrchristi</strong></span> <span class='ocrx_word' id='word_1_261' title='bbox 490 3092 596 3143; x_wconf 89' lang='lat' dir='ltr'><strong>vinctus</strong></span> <span class='ocrx_word' id='word_1_262' title='bbox 609 3090 804 3156; x_wconf 88' lang='lat' dir='ltr'><strong>deponeretur.</strong></span> <span class='ocrx_word' id='word_1_263' title='bbox 814 3091 863 3143; x_wconf 88' lang='lat' dir='ltr'><strong>Ubi</strong></span> <span class='ocrx_word' id='word_1_264' title='bbox 877 3103 939 3142; x_wconf 92' lang='lat' dir='ltr'><strong>cum</strong></span> <span class='ocrx_word' id='word_1_265' title='bbox 952 3088 1092 3155; x_wconf 87' lang='lat' dir='ltr'><strong>depositus</strong></span> <span class='ocrx_word' id='word_1_266' title='bbox 1103 3089 1174 3141; x_wconf 89' lang='lat' dir='ltr'><strong>inter</strong></span> <span class='ocrx_word' id='word_1_267' title='bbox 1184 3087 1290 3141; x_wconf 89' lang='lat' dir='ltr'><strong>medios</strong></span> 
     </span>
     <span class='ocr_line' id='line_1_29' title="bbox 130 3188 1290 3254; baseline -0.001 -16"><span class='ocrx_word' id='word_1_268' title='bbox 130 3198 232 3239; x_wconf 49' lang='lat' dir='ltr'><strong>¹mamm</strong></span> <span class='ocrx_word' id='word_1_269' title='bbox 245 3188 341 3254; x_wconf 85' lang='lat' dir='ltr'><strong>globos</strong></span> <span class='ocrx_word' id='word_1_270' title='bbox 354 3189 460 3254; x_wconf 89' lang='lat' dir='ltr'><strong>luisset,</strong></span> <span class='ocrx_word' id='word_1_271' title='bbox 474 3189 618 3241; x_wconf 77' lang='lat' dir='ltr'><strong>confestim</strong></span> <span class='ocrx_word' id='word_1_272' title='bbox 631 3190 706 3241; x_wconf 89' lang='lat' dir='ltr'><strong>velut</strong></span> <span class='ocrx_word' id='word_1_273' title='bbox 719 3203 764 3241; x_wconf 92' lang='lat' dir='ltr'><strong>ros</strong></span> <span class='ocrx_word' id='word_1_274' title='bbox 777 3190 877 3242; x_wconf 88' lang='lat' dir='ltr'><strong>lactum</strong></span> <span class='ocrx_word' id='word_1_275' title='bbox 891 3196 931 3241; x_wconf 90' lang='lat' dir='ltr'><strong>est</strong></span> <span class='ocrx_word' id='word_1_276' title='bbox 944 3189 1032 3254; x_wconf 91' lang='lat' dir='ltr'><strong>ipsum</strong></span> <span class='ocrx_word' id='word_1_277' title='bbox 1044 3201 1126 3241; x_wconf 91' lang='lat' dir='ltr'><strong>omne</strong></span> <span class='ocrx_word' id='word_1_278' title='bbox 1139 3199 1290 3254; x_wconf 90' lang='lat' dir='ltr'><strong>prunarum</strong></span> 
     </span>
     <span class='ocr_line' id='line_1_30' title="bbox 134 3284 1291 3356; baseline 0.002 -21"><span class='ocrx_word' id='word_1_279' title='bbox 134 3284 272 3340; x_wconf 90' lang='lat' dir='ltr'><strong>devolutus</strong></span> <span class='ocrx_word' id='word_1_280' title='bbox 284 3287 445 3340; x_wconf 90' lang='lat' dir='ltr'><strong>incendium</strong></span> <span class='ocrx_word' id='word_1_281' title='bbox 459 3289 556 3352; x_wconf 88' lang='lat' dir='ltr'><strong>luerat,</strong></span> <span class='ocrx_word' id='word_1_282' title='bbox 570 3290 674 3342; x_wconf 89' lang='lat' dir='ltr'><strong>adustis</strong></span> <span class='ocrx_word' id='word_1_283' title='bbox 696 3289 869 3343; x_wconf 89' lang='lat' dir='ltr'><strong>solummodo</strong></span> <span class='ocrx_word' id='word_1_284' title='bbox 890 3289 990 3356; x_wconf 79' lang='lat' dir='ltr'><strong>qulbus</strong></span> <span class='ocrx_word' id='word_1_285' title='bbox 1002 3293 1078 3340; x_wconf 91' lang='lat' dir='ltr'><strong>artus</strong></span> <span class='ocrx_word' id='word_1_286' title='bbox 1098 3287 1215 3341; x_wconf 90' lang='lat' dir='ltr'><strong>vinculis</strong></span> <span class='ocrx_word' id='word_1_287' title='bbox 1227 3297 1291 3339; x_wconf 91' lang='lat' dir='ltr'><strong>con·</strong></span> 
     </span>
     <span class='ocr_line' id='line_1_31' title="bbox 130 3385 1291 3455; baseline 0.003 -20"><span class='ocrx_word' id='word_1_288' title='bbox 130 3389 172 3438; x_wconf 84' lang='lat' dir='ltr'><strong>tus</strong></span> <span class='ocrx_word' id='word_1_289' title='bbox 184 3387 317 3450; x_wconf 84' lang='lat' dir='ltr'><strong>extiterat,</strong></span> <span class='ocrx_word' id='word_1_290' title='bbox 332 3398 387 3439; x_wconf 90' lang='lat' dir='ltr'><strong>non</strong></span> <span class='ocrx_word' id='word_1_291' title='bbox 409 3387 496 3453; x_wconf 86' lang='lat' dir='ltr'><strong>impar</strong></span> <span class='ocrx_word' id='word_1_292' title='bbox 509 3389 711 3454; x_wconf 87' lang='lat' dir='ltr'><strong>quodammodo</strong></span> <span class='ocrx_word' id='word_1_293' title='bbox 734 3389 820 3441; x_wconf 89' lang='lat' dir='ltr'><strong>tribus</strong></span> <span class='ocrx_word' id='word_1_294' title='bbox 835 3389 937 3455; x_wconf 88' lang='lat' dir='ltr'><strong>pueris,</strong></span> <span class='ocrx_word' id='word_1_295' title='bbox 952 3401 1020 3454; x_wconf 88' lang='lat' dir='ltr'><strong>quos</strong></span> <span class='ocrx_word' id='word_1_296' title='bbox 1039 3387 1121 3439; x_wconf 90' lang='lat' dir='ltr'><strong>simili</strong></span> <span class='ocrx_word' id='word_1_297' title='bbox 1143 3399 1192 3439; x_wconf 85' lang='lat' dir='ltr'><strong>rex</strong></span> <span class='ocrx_word' id='word_1_298' title='bbox 1209 3385 1291 3450; x_wconf 79' lang='lat' dir='ltr'><strong>baby-</strong></span> 
     </span>
     <span class='ocr_line' id='line_1_32' title="bbox 130 3484 1292 3554; baseline 0 -18"><span class='ocrx_word' id='word_1_299' title='bbox 130 3486 276 3538; x_wconf 85' lang='lat' dir='ltr'><strong>rsinteritu</strong></span> <span class='ocrx_word' id='word_1_300' title='bbox 298 3484 415 3550; x_wconf 87' lang='lat' dir='ltr'><strong>perdere</strong></span> <span class='ocrx_word' id='word_1_301' title='bbox 431 3487 604 3554; x_wconf 79' lang='lat' dir='ltr'><strong>cogitaverat.</strong></span> <span class='ocrx_word' id='word_1_302' title='bbox 625 3490 700 3540; x_wconf 90' lang='lat' dir='ltr'><strong>inter</strong></span> <span class='ocrx_word' id='word_1_303' title='bbox 714 3488 781 3540; x_wconf 91' lang='lat' dir='ltr'><strong>haec</strong></span> <span class='ocrx_word' id='word_1_304' title='bbox 803 3501 866 3541; x_wconf 90' lang='lat' dir='ltr'><strong>vero</strong></span> <span class='ocrx_word' id='word_1_305' title='bbox 887 3488 986 3540; x_wconf 83' lang='lat' dir='ltr'><strong>athleta</strong></span> <span class='ocrx_word' id='word_1_306' title='bbox 1008 3486 1106 3538; x_wconf 78' lang='lat' dir='ltr'><strong>Christi</strong></span> <span class='ocrx_word' id='word_1_307' title='bbox 1127 3485 1292 3538; x_wconf 80' lang='lat' dir='ltr'><strong>fortissimus</strong></span> 
     </span>
     <span class='ocr_line' id='line_1_33' title="bbox 129 3584 1292 3653; baseline 0.001 -18"><span class='ocrx_word' id='word_1_308' title='bbox 129 3591 258 3638; x_wconf 89' lang='lat' dir='ltr'><strong>tanserat</strong></span> <span class='ocrx_word' id='word_1_309' title='bbox 277 3586 306 3637; x_wconf 94' lang='lat' dir='ltr'><strong>in</strong></span> <span class='ocrx_word' id='word_1_310' title='bbox 319 3586 444 3652; x_wconf 84' lang='lat' dir='ltr'><strong>homino,</strong></span> <span class='ocrx_word' id='word_1_311' title='bbox 458 3588 536 3652; x_wconf 80' lang='lat' dir='ltr'><strong>cujus</strong></span> <span class='ocrx_word' id='word_1_312' title='bbox 557 3588 639 3639; x_wconf 90' lang='lat' dir='ltr'><strong>etiam</strong></span> <span class='ocrx_word' id='word_1_313' title='bbox 661 3589 732 3639; x_wconf 88' lang='lat' dir='ltr'><strong>inter</strong></span> <span class='ocrx_word' id='word_1_314' title='bbox 745 3589 802 3653; x_wconf 91' lang='lat' dir='ltr'><strong>ipsa</strong></span> <span class='ocrx_word' id='word_1_315' title='bbox 824 3588 1005 3639; x_wconf 90' lang='lat' dir='ltr'><strong>tentationum</strong></span> <span class='ocrx_word' id='word_1_316' title='bbox 1027 3585 1146 3651; x_wconf 88' lang='lat' dir='ltr'><strong>pericula</strong></span> <span class='ocrx_word' id='word_1_317' title='bbox 1169 3584 1292 3637; x_wconf 92' lang='lat' dir='ltr'><strong>munitus</strong></span> 
     </span>
     <span class='ocr_line' id='line_1_34' title="bbox 130 3681 1292 3751; baseline 0.001 -18"><span class='ocrx_word' id='word_1_318' title='bbox 130 3681 174 3750; x_wconf 91' lang='lat' dir='ltr'><strong>lio,</strong></span> <span class='ocrx_word' id='word_1_319' title='bbox 189 3683 258 3735; x_wconf 93' lang='lat' dir='ltr'><strong>illud</strong></span> <span class='ocrx_word' id='word_1_320' title='bbox 277 3685 426 3736; x_wconf 85' lang='lat' dir='ltr'><strong>liaviticum</strong></span> <span class='ocrx_word' id='word_1_321' title='bbox 449 3684 495 3736; x_wconf 93' lang='lat' dir='ltr'><strong>tali</strong></span> <span class='ocrx_word' id='word_1_322' title='bbox 509 3686 684 3750; x_wconf 86' lang='lat' dir='ltr'><strong>praecinebat</strong></span> <span class='ocrx_word' id='word_1_323' title='bbox 703 3686 834 3751; x_wconf 85' lang='lat' dir='ltr'><strong>eloquio:</strong></span> <span class='ocrx_word' id='word_1_324' title='bbox 857 3684 1008 3738; x_wconf 79' lang='lat' dir='ltr'><strong>Dominus</strong></span> <span class='ocrx_word' id='word_1_325' title='bbox 1024 3682 1104 3736; x_wconf 86' lang='lat' dir='ltr'><strong>mibi</strong></span> <span class='ocrx_word' id='word_1_326' title='bbox 1120 3683 1247 3748; x_wconf 73' lang='lat' dir='ltr'><strong>adiutor</strong></span> <span class='ocrx_word' id='word_1_327' title='bbox 1258 3682 1292 3735; x_wconf 81' lang='lat' dir='ltr'><strong>in</strong></span> 
     </span>
     <span class='ocr_line' id='line_1_35' title="bbox 130 3773 996 3853; baseline 0.005 -19"><span class='ocrx_word' id='word_1_328' title='bbox 130 3783 310 3850; x_wconf 70' lang='grc'><strong>1111111111,</strong></span> <span class='ocrx_word' id='word_1_329' title='bbox 323 3797 385 3838; x_wconf 84' lang='grc'><strong>111</strong></span> <span class='ocrx_word' id='word_1_330' title='bbox 398 3784 507 3838; x_wconf 84' lang='lat' dir='ltr'><strong>timebo</strong></span> <span class='ocrx_word' id='word_1_331' title='bbox 520 3785 596 3852; x_wconf 81' lang='lat' dir='ltr'><strong>qnid</strong></span> <span class='ocrx_word' id='word_1_332' title='bbox 608 3784 711 3853; x_wconf 82' lang='lat' dir='ltr'><strong>saciat</strong></span> <span class='ocrx_word' id='word_1_333' title='bbox 724 3784 804 3837; x_wconf 85' lang='lat' dir='ltr'><strong>mitti</strong></span> <span class='ocrx_word' id='word_1_334' title='bbox 816 3784 912 3838; x_wconf 84' lang='lat' dir='ltr'><strong>homo.</strong></span> <span class='ocrx_word' id='word_1_335' title='bbox 994 3773 996 3780; x_wconf 77' lang='grc'><strong>’</strong></span> 
     </span>
    </p>

    <p class='ocr_par' dir='ltr' id='par_1_12' title="bbox 130 3883 1297 4732">
     <span class='ocr_line' id='line_1_36' title="bbox 130 3883 1293 3950; baseline 0.001 -14"><span class='ocrx_word' id='word_1_336' title='bbox 130 3884 144 3936; x_wconf 85' lang='lat' dir='ltr'><strong>l.</strong></span> <span class='ocrx_word' id='word_1_337' title='bbox 164 3884 222 3945; x_wconf 83' lang='lat' dir='ltr'><strong>Quo</strong></span> <span class='ocrx_word' id='word_1_338' title='bbox 242 3889 384 3948; x_wconf 90' lang='lat' dir='ltr'><strong>comperto</strong></span> <span class='ocrx_word' id='word_1_339' title='bbox 406 3883 570 3947; x_wconf 83' lang='lat' dir='ltr'><strong>valduanus,</strong></span> <span class='ocrx_word' id='word_1_340' title='bbox 587 3884 661 3950; x_wconf 88' lang='lat' dir='ltr'><strong>quod</strong></span> <span class='ocrx_word' id='word_1_341' title='bbox 685 3898 735 3936; x_wconf 94' lang='lat' dir='ltr'><strong>nec</strong></span> <span class='ocrx_word' id='word_1_342' title='bbox 757 3885 828 3950; x_wconf 85' lang='lat' dir='ltr'><strong>ignis</strong></span> <span class='ocrx_word' id='word_1_343' title='bbox 848 3885 928 3937; x_wconf 91' lang='lat' dir='ltr'><strong>beato</strong></span> <span class='ocrx_word' id='word_1_344' title='bbox 949 3885 1007 3937; x_wconf 91' lang='lat' dir='ltr'><strong>viro</strong></span> <span class='ocrx_word' id='word_1_345' title='bbox 1021 3883 1217 3950; x_wconf 88' lang='lat' dir='ltr'><strong>praevaluisset</strong></span> <span class='ocrx_word' id='word_1_346' title='bbox 1236 3883 1293 3937; x_wconf 94' lang='lat' dir='ltr'><strong>ullo</strong></span> 
     </span>
     <span class='ocr_line' id='line_1_37' title="bbox 130 3981 1293 4051; baseline 0.002 -17"><span class='ocrx_word' id='word_1_347' title='bbox 130 3995 154 4046; x_wconf 81' lang='lat' dir='ltr'><strong>o,</strong></span> <span class='ocrx_word' id='word_1_348' title='bbox 169 3981 262 4035; x_wconf 88' lang='lat' dir='ltr'><strong>lurore</strong></span> <span class='ocrx_word' id='word_1_349' title='bbox 270 3994 430 4047; x_wconf 88' lang='lat' dir='ltr'><strong>succensus,</strong></span> <span class='ocrx_word' id='word_1_350' title='bbox 441 3983 519 4048; x_wconf 81' lang='lat' dir='ltr'><strong>qnasi</strong></span> <span class='ocrx_word' id='word_1_351' title='bbox 529 3983 576 4049; x_wconf 81' lang='lat' dir='ltr'><strong>qui</strong></span> <span class='ocrx_word' id='word_1_352' title='bbox 587 3983 662 4035; x_wconf 92' lang='lat' dir='ltr'><strong>nullo</strong></span> <span class='ocrx_word' id='word_1_353' title='bbox 673 3997 734 4035; x_wconf 92' lang='lat' dir='ltr'><strong>eum</strong></span> <span class='ocrx_word' id='word_1_354' title='bbox 746 3984 801 4036; x_wconf 90' lang='lat' dir='ltr'><strong>alio</strong></span> <span class='ocrx_word' id='word_1_355' title='bbox 811 3996 910 4036; x_wconf 90' lang='lat' dir='ltr'><strong>nocere</strong></span> <span class='ocrx_word' id='word_1_356' title='bbox 925 3984 1019 4035; x_wconf 90' lang='lat' dir='ltr'><strong>mortis</strong></span> <span class='ocrx_word' id='word_1_357' title='bbox 1028 3988 1188 4051; x_wconf 89' lang='lat' dir='ltr'><strong>argumento</strong></span> <span class='ocrx_word' id='word_1_358' title='bbox 1199 3989 1293 4050; x_wconf 90' lang='lat' dir='ltr'><strong>potue·</strong></span> 
     </span>
     <span class='ocr_line' id='line_1_38' title="bbox 130 4080 1295 4149; baseline 0.001 -17"><span class='ocrx_word' id='word_1_359' title='bbox 130 4080 258 4134; x_wconf 86' lang='lat' dir='ltr'><strong>decollari</strong></span> <span class='ocrx_word' id='word_1_360' title='bbox 271 4094 335 4134; x_wconf 91' lang='lat' dir='ltr'><strong>enm</strong></span> <span class='ocrx_word' id='word_1_361' title='bbox 347 4083 495 4147; x_wconf 90' lang='lat' dir='ltr'><strong>praecepit.</strong></span> <span class='ocrx_word' id='word_1_362' title='bbox 509 4084 576 4135; x_wconf 84' lang='lat' dir='ltr'><strong>Gom</strong></span> <span class='ocrx_word' id='word_1_363' title='bbox 589 4089 680 4135; x_wconf 90' lang='lat' dir='ltr'><strong>autem</strong></span> <span class='ocrx_word' id='word_1_364' title='bbox 693 4088 806 4135; x_wconf 90' lang='lat' dir='ltr'><strong>ventum</strong></span> <span class='ocrx_word' id='word_1_365' title='bbox 819 4087 890 4135; x_wconf 89' lang='lat' dir='ltr'><strong>esset</strong></span> <span class='ocrx_word' id='word_1_366' title='bbox 900 4083 933 4134; x_wconf 93' lang='lat' dir='ltr'><strong>ad</strong></span> <span class='ocrx_word' id='word_1_367' title='bbox 947 4082 1035 4135; x_wconf 93' lang='lat' dir='ltr'><strong>locum</strong></span> <span class='ocrx_word' id='word_1_368' title='bbox 1049 4095 1104 4149; x_wconf 82' lang='grc'><strong>111</strong></span> <span class='ocrx_word' id='word_1_369' title='bbox 1117 4082 1295 4136; x_wconf 89' lang='lat' dir='ltr'><strong>decollandus</strong></span> 
     </span>
     <span class='ocr_line' id='line_1_39' title="bbox 143 4179 1294 4246; baseline 0 -14"><span class='ocrx_word' id='word_1_370' title='bbox 143 4180 245 4246; x_wconf 89' lang='lat' dir='ltr'><strong>petiita</strong></span> <span class='ocrx_word' id='word_1_371' title='bbox 256 4179 420 4243; x_wconf 88' lang='lat' dir='ltr'><strong>spiculatore</strong></span> <span class='ocrx_word' id='word_1_372' title='bbox 431 4179 528 4232; x_wconf 90' lang='lat' dir='ltr'><strong>orandi</strong></span> <span class='ocrx_word' id='word_1_373' title='bbox 542 4180 593 4232; x_wconf 91' lang='lat' dir='ltr'><strong>sibi</strong></span> <span class='ocrx_word' id='word_1_374' title='bbox 604 4180 721 4245; x_wconf 91' lang='lat' dir='ltr'><strong>spatium</strong></span> <span class='ocrx_word' id='word_1_375' title='bbox 731 4179 868 4246; x_wconf 87' lang='lat' dir='ltr'><strong>indulgeri</strong></span> <span class='ocrx_word' id='word_1_376' title='bbox 879 4197 886 4245; x_wconf 90' lang='grc'>;</span> <span class='ocrx_word' id='word_1_377' title='bbox 900 4179 1036 4246; x_wconf 84' lang='lat' dir='ltr'><strong>simulque</strong></span> <span class='ocrx_word' id='word_1_378' title='bbox 1046 4179 1080 4232; x_wconf 91' lang='lat' dir='ltr'><strong>ad</strong></span> <span class='ocrx_word' id='word_1_379' title='bbox 1090 4181 1180 4233; x_wconf 87' lang='lat' dir='ltr'><strong>sidera</strong></span> <span class='ocrx_word' id='word_1_380' title='bbox 1190 4180 1294 4232; x_wconf 89' lang='lat' dir='ltr'><strong>lumina</strong></span> 
     </span>
     <span class='ocr_line' id='line_1_40' title="bbox 130 4277 1295 4345; baseline -0.003 -12"><span class='ocrx_word' id='word_1_381' title='bbox 130 4292 205 4333; x_wconf 84' lang='lat' dir='ltr'><strong>rrum</strong></span> <span class='ocrx_word' id='word_1_382' title='bbox 218 4277 346 4331; x_wconf 90' lang='lat' dir='ltr'><strong>attollens</strong></span> <span class='ocrx_word' id='word_1_383' title='bbox 359 4279 387 4330; x_wconf 90' lang='lat' dir='ltr'><strong>et</strong></span> <span class='ocrx_word' id='word_1_384' title='bbox 399 4278 475 4332; x_wconf 89' lang='lat' dir='ltr'><strong>caclo</strong></span> <span class='ocrx_word' id='word_1_385' title='bbox 485 4278 595 4330; x_wconf 88' lang='lat' dir='ltr'><strong>brachia</strong></span> <span class='ocrx_word' id='word_1_386' title='bbox 604 4278 736 4345; x_wconf 86' lang='lat' dir='ltr'><strong>dirigens,</strong></span> <span class='ocrx_word' id='word_1_387' title='bbox 747 4280 933 4332; x_wconf 88' lang='lat' dir='ltr'><strong>lerturorasse</strong></span> <span class='ocrx_word' id='word_1_388' title='bbox 946 4279 974 4331; x_wconf 91' lang='grc'><strong>11</strong></span> <span class='ocrx_word' id='word_1_389' title='bbox 985 4280 1051 4332; x_wconf 90' lang='lat' dir='ltr'><strong>haec</strong></span> <span class='ocrx_word' id='word_1_390' title='bbox 1059 4279 1141 4331; x_wconf 91' lang='lat' dir='ltr'><strong>verba</strong></span> <span class='ocrx_word' id='word_1_391' title='bbox 1152 4295 1158 4332; x_wconf 93' lang='lat'><strong>:</strong></span> <span class='ocrx_word' id='word_1_392' title='bbox 1168 4279 1295 4332; x_wconf 79' lang='lat' dir='ltr'><strong>Domine</strong></span> 
     </span>
     <span class='ocr_line' id='line_1_41' title="bbox 130 4376 1295 4447; baseline 0 -16"><span class='ocrx_word' id='word_1_393' title='bbox 130 4393 148 4447; x_wconf 82' lang='lat' dir='ltr'><strong>r,</strong></span> <span class='ocrx_word' id='word_1_394' title='bbox 165 4378 265 4444; x_wconf 79' lang='lat' dir='ltr'><strong>inquit,</strong></span> <span class='ocrx_word' id='word_1_395' title='bbox 276 4389 338 4444; x_wconf 85' lang='lat' dir='ltr'><strong>pro</strong></span> <span class='ocrx_word' id='word_1_396' title='bbox 358 4378 450 4442; x_wconf 78' lang='lat' dir='ltr'><strong>cujus</strong></span> <span class='ocrx_word' id='word_1_397' title='bbox 463 4376 537 4430; x_wconf 83' lang='lat' dir='ltr'><strong>baec</strong></span> <span class='ocrx_word' id='word_1_398' title='bbox 550 4389 658 4430; x_wconf 84' lang='lat' dir='ltr'><strong>amore</strong></span> <span class='ocrx_word' id='word_1_399' title='bbox 675 4378 824 4440; x_wconf 81' lang='lat' dir='ltr'><strong>sustineo,</strong></span> <span class='ocrx_word' id='word_1_400' title='bbox 838 4377 973 4443; x_wconf 80' lang='lat' dir='ltr'><strong>dignere</strong></span> <span class='ocrx_word' id='word_1_401' title='bbox 993 4391 1042 4431; x_wconf 86' lang='lat' dir='ltr'><strong>me</strong></span> <span class='ocrx_word' id='word_1_402' title='bbox 1060 4378 1094 4430; x_wconf 84' lang='lat' dir='ltr'><strong>in</strong></span> <span class='ocrx_word' id='word_1_403' title='bbox 1112 4380 1295 4431; x_wconf 80' lang='lat' dir='ltr'><strong>sanctorum</strong></span> 
     </span>
     <span class='ocr_line' id='line_1_42' title="bbox 130 4476 1294 4545; baseline 0 -14"><span class='ocrx_word' id='word_1_404' title='bbox 130 4491 190 4532; x_wconf 83' lang='lat' dir='ltr'><strong>um</strong></span> <span class='ocrx_word' id='word_1_405' title='bbox 202 4476 359 4531; x_wconf 78' lang='lat' dir='ltr'><strong>consortio</strong></span> <span class='ocrx_word' id='word_1_406' title='bbox 371 4476 479 4543; x_wconf 80' lang='lat' dir='ltr'><strong>rect&#39;pt,</strong></span> <span class='ocrx_word' id='word_1_407' title='bbox 492 4476 567 4543; x_wconf 80' lang='lat' dir='ltr'><strong>quie</strong></span> <span class='ocrx_word' id='word_1_408' title='bbox 581 4477 615 4528; x_wconf 83' lang='lat' dir='ltr'><strong>tu</strong></span> <span class='ocrx_word' id='word_1_409' title='bbox 632 4489 664 4528; x_wconf 81' lang='lat' dir='ltr'><strong>es</strong></span> <span class='ocrx_word' id='word_1_410' title='bbox 679 4477 756 4528; x_wconf 82' lang='lat' dir='ltr'><strong>Deus</strong></span> <span class='ocrx_word' id='word_1_411' title='bbox 769 4489 866 4537; x_wconf 81' lang='lat' dir='ltr'><strong>meos,</strong></span> <span class='ocrx_word' id='word_1_412' title='bbox 879 4476 913 4529; x_wconf 82' lang='lat' dir='ltr'><strong>in</strong></span> <span class='ocrx_word' id='word_1_413' title='bbox 926 4489 985 4544; x_wconf 77' lang='lat' dir='ltr'><strong>pico</strong></span> <span class='ocrx_word' id='word_1_414' title='bbox 1002 4478 1130 4545; x_wconf 81' lang='lat' dir='ltr'><strong>speravi</strong></span> <span class='ocrx_word' id='word_1_415' title='bbox 1141 4490 1263 4545; x_wconf 74' lang='lat' dir='ltr'><strong>seraper</strong></span> <span class='ocrx_word' id='word_1_416' title='bbox 1273 4490 1294 4530; x_wconf 87' lang='grc' dir='ltr'><em>α</em></span> 
     </span>
     <span class='ocr_line' id='line_1_43' title="bbox 130 4575 1297 4644; baseline -0.001 -12"><span class='ocrx_word' id='word_1_417' title='bbox 130 4579 314 4632; x_wconf 76' lang='lat' dir='ltr'><strong>neutemea.</strong></span> <span class='ocrx_word' id='word_1_418' title='bbox 332 4577 363 4628; x_wconf 84' lang='lat' dir='ltr'><strong>lit</strong></span> <span class='ocrx_word' id='word_1_419' title='bbox 375 4575 444 4629; x_wconf 88' lang='lat' dir='ltr'><strong>tacta</strong></span> <span class='ocrx_word' id='word_1_420' title='bbox 456 4580 496 4628; x_wconf 91' lang='lat' dir='ltr'><strong>cst</strong></span> <span class='ocrx_word' id='word_1_421' title='bbox 507 4575 542 4628; x_wconf 92' lang='lat' dir='ltr'><strong>de</strong></span> <span class='ocrx_word' id='word_1_422' title='bbox 560 4576 635 4640; x_wconf 84' lang='lat' dir='ltr'><strong>caelo</strong></span> <span class='ocrx_word' id='word_1_423' title='bbox 648 4589 698 4630; x_wconf 84' lang='lat' dir='ltr'><strong>vox</strong></span> <span class='ocrx_word' id='word_1_424' title='bbox 711 4577 746 4629; x_wconf 90' lang='lat' dir='ltr'><strong>ad</strong></span> <span class='ocrx_word' id='word_1_425' title='bbox 766 4591 829 4630; x_wconf 92' lang='lat' dir='ltr'><strong>eum</strong></span> <span class='ocrx_word' id='word_1_426' title='bbox 848 4592 855 4629; x_wconf 91' lang='lat'><strong>:</strong></span> <span class='ocrx_word' id='word_1_427' title='bbox 874 4577 1031 4644; x_wconf 74' lang='lat' dir='ltr'><strong>Maurice,</strong></span> <span class='ocrx_word' id='word_1_428' title='bbox 1045 4589 1176 4631; x_wconf 80' lang='lat' dir='ltr'><strong>securus</strong></span> <span class='ocrx_word' id='word_1_429' title='bbox 1193 4580 1255 4631; x_wconf 83' lang='lat' dir='ltr'><strong>esto</strong></span> <span class='ocrx_word' id='word_1_430' title='bbox 1267 4579 1297 4630; x_wconf 91' lang='lat' dir='ltr'><strong>et</strong></span> 
     </span>
     <span class='ocr_line' id='line_1_44' title="bbox 130 4677 1231 4732; baseline -0.004 0"><span class='ocrx_word' id='word_1_431' title='bbox 130 4685 298 4732; x_wconf 67' lang='grc'><strong>11111111.</strong></span> <span class='ocrx_word' id='word_1_432' title='bbox 313 4685 338 4725; x_wconf 83' lang='grc' dir='ltr'><strong>τ.</strong></span> <span class='ocrx_word' id='word_1_433' title='bbox 356 4685 393 4726; x_wconf 86' lang='lat' dir='ltr'><strong>tu.</strong></span> <span class='ocrx_word' id='word_1_434' title='bbox 1199 4677 1231 4728; x_wconf 74' lang='lat' dir='ltr'><strong>ib</strong></span> 
     </span>
    </p>
   </div>
   <div class='ocr_carea' id='block_1_3' title="bbox 0 0 1551 5498">
    <p class='ocr_par' dir='ltr' id='par_1_13' title="bbox 0 0 1551 5498">
     <span class='ocr_line' id='line_1_45' title="bbox 0 0 1551 5498; baseline 0 0"><span class='ocrx_word' id='word_1_435' title='bbox 0 0 1551 5498; x_wconf 95' lang='lat' dir='ltr'><strong> </strong></span> 
     </span>
    </p>
   </div>
  </div>
 </body>
</html>
