3082 5498
261 113 305 178 80
609 127 734 177 caran.
754 127 855 177 cono.
876 125 1050 177 acumem
1070 125 1149 174 nar.

262 298 438 352 dilectionem
450 309 504 364 qua
517 310 594 350 suam
603 297 636 351 in
649 297 762 350 bomine
774 296 903 363 diligebat
916 296 1074 363 imaginem,
1086 293 1230 348 condoluit
1242 293 1407 347 mortalibus
1415 306 1495 360 grave

262 399 356 465 jugum
368 411 384 451 a
396 402 472 464 patre
484 398 573 463 primo
585 397 767 464 portantibus,
781 401 809 450 et
819 396 941 464 generali
960 393 1152 448 misericordia
1169 392 1301 460 populum
1314 393 1401 458 bunc,
1413 404 1496 459 quem

261 498 420 564 specialiter
443 503 553 563 peccata
574 498 762 564 obtinuerant,
792 496 964 550 restauravit.
989 495 1088 562 Tetigit
1119 494 1195 560 prius
1213 498 1241 546 et
1268 492 1445 546 conturbavit
1465 503 1498 544 ac

262 602 378 663 paterno
386 597 505 654 cerbere
519 597 632 650 livorem
647 595 766 663 indixit,
785 602 878 662 postea
891 595 1043 661 respiciens
1055 593 1175 646 mirabili
1194 592 1317 646 remedio
1328 591 1494 659 percuravit

260 698 319 749 Non
332 696 478 763 cujuslibet
491 697 612 750 nominis
623 701 671 749 aut
683 696 835 749 sanctitatis
852 695 1003 760 bominem,
1017 692 1065 747 sed
1087 691 1214 760 angelum
1237 690 1321 744 misit.
1341 690 1494 746 Domestica

260 808 312 849 nec
324 796 431 862 abjecta
443 796 546 849 familia
558 800 608 862 est,
623 808 694 863 quae
707 796 753 848 tali
767 795 855 863 legato
873 801 955 862 atque
976 807 1109 849 conservo
1130 793 1165 846 de
1182 797 1258 845 tanto
1271 793 1380 845 bonore
1396 789 1494 858 perdo
1518 827 1535 841 .

261 900 348 949 cetur.
361 895 435 948 llisit
445 895 573 962 angelum
587 896 746 960 parentibus
761 894 840 960 pueri
853 894 881 945 in
891 892 1008 946 sulutem
1022 891 1163 943 nascituri.

205 1032 208 1037 .
293 992 337 1045 Sic
349 992 488 1059 quondam
502 993 575 1046 idem
587 993 728 1059 Dominus,
749 997 855 1045 amator
871 992 1006 1058 omnium,
1019 990 1123 1044 elector
1140 1001 1300 1056 paucorum,
1319 988 1418 1042 volens
1429 985 1535 1051 anti—4·

261 1105 348 1159 quum
358 1092 435 1145 illum
448 1093 578 1159 populum
591 1097 799 1159 exasperantem
812 1092 999 1145 Hebraeorum
1009 1091 1121 1144 domum
1132 1090 1167 1143 de
1175 1088 1362 1142 conversione
1371 1098 1535 1154 monerQ

261 1191 296 1246 de
309 1193 454 1247 eversione
467 1194 653 1258 praemunire,
665 1193 813 1245 teremiam
826 1192 985 1258 prophetam
1004 1191 1075 1244 intra
1093 1188 1202 1243 viscera
1218 1192 1344 1243 materna
1357 1192 1385 1242 et
1397 1188 1535 1256 iormq

261 1289 301 1341 vit
311 1294 340 1342 et
349 1288 537 1355 sanctificavit,
551 1296 646 1343 natum
667 1290 695 1342 in
718 1290 833 1356 puerilia
855 1288 889 1342 ad
908 1288 1063 1342 doctrinam
1083 1300 1181 1340 senum
1194 1285 1330 1353 sapientia
1343 1284 1450 1351 docuit,
1462 1297 1535 1353 q

262 1390 491 1456 compescendam
517 1391 648 1444 malitiam
668 1391 768 1443 virtute
789 1390 944 1456 complevit,
967 1389 1120 1442 constantia
1144 1387 1288 1442 roboravit
1303 1420 1320 1450 ,-
1336 1389 1367 1439 ut
1389 1384 1486 1452 abico·
1507 1404 1535 1452 ι

262 1488 360 1543 timore
371 1489 463 1543 servili
476 1486 630 1543 libertatem
640 1491 762 1557 justitiae
774 1489 945 1556 praedicaret
962 1489 1048 1542 servis
1066 1487 1181 1555 peccati.
1195 1487 1239 1540 Sic
1251 1486 1419 1550 iohannem,
1431 1483 1535 1559 leg-g

261 1588 388 1653 limitem,
410 1589 545 1656 evangelii
567 1601 743 1655 praeconem,
766 1589 862 1642 salutis
883 1588 1025 1657 angelum,
1047 1587 1106 1640 Filii
1127 1597 1357 1654 praecursorem,
1379 1583 1519 1647 amicum

261 1687 365 1754 sponsi,
379 1688 511 1741 salvatori
524 1688 553 1740 in
564 1692 643 1741 utero
655 1689 690 1740 ab
704 1694 784 1741 utero
801 1687 1025 1754 applaudentem,
1043 1687 1188 1740 bominum
1208 1683 1374 1753 virginalem
1394 1683 1504 1737 risumt
1514 1694 1535 1747 tp

260 1786 352 1839 adbuc
363 1787 444 1841 tacito
456 1788 672 1853 praedicantem,
687 1801 736 1853 per
748 1787 876 1856 angelum
888 1787 1042 1840 Gabrielem
1059 1800 1094 1839 ex
1111 1785 1225 1839 nomine
1237 1783 1402 1852 designavit,
1415 1780 1490 1836 siler·

172 1886 174 1891 '
261 1886 330 1939 tium
342 1887 412 1952 patri
426 1885 524 1939 indixit
534 1898 590 1939 non
611 1887 746 1948 credenti,
759 1891 790 1940 ut
811 1888 891 1940 nobis
912 1888 1051 1953 sapienter
1067 1884 1246 1938 credentibus
1264 1884 1396 1936 innueret
1412 1881 1482 1950 qnod,

261 1991 325 2039 nata
337 1987 383 2039 bei
396 1987 491 2054 gratia,
505 1985 550 2039 lex
563 1987 704 2039 silentium
717 1987 876 2052 accepisset.
889 1989 943 2040 lloc
956 1985 1054 2040 eodem
1067 1986 1149 2039 modo
1160 1990 1187 2038 et
1199 1996 1274 2038 nunc
1286 1981 1484 2050 praevaricatio

262 2084 343 2137 nibus
365 2084 432 2152 legis
454 2083 575 2146 divinae,
597 2084 663 2152 legis
684 2086 868 2152 evangelicae,
896 2087 1036 2139 miseratio
1065 2085 1178 2152 antiqua
1201 2090 1284 2150 atque
1314 2079 1485 2134 immutabilis

261 2183 358 2236 volens
370 2184 399 2236 in
418 2196 483 2237 casu
495 2186 506 2222 ²
520 2197 632 2236 manum
654 2197 822 2252 supponere,
836 2185 931 2238 volens
952 2185 1133 2251 percuntibus
1149 2182 1307 2247 subvenire,
1328 2179 1488 2234 volunlatem
1499 2164 1535 2231 fl

263 2288 404 2336 aeternam
416 2284 445 2335 in
458 2291 581 2351 tempore
595 2283 721 2350 patefecit
733 2289 760 2336 et
773 2285 901 2351 placitum
910 2284 1017 2350 pietatis
1028 2297 1159 2336 arcanum
1170 2282 1316 2343 revelavit;
1332 2280 1487 2346 caelumque

262 2382 380 2449 implens
393 2388 419 2436 et
440 2388 551 2444 terrem,
572 2383 701 2452 angelum
722 2384 757 2438 de
778 2386 853 2438 caelo
875 2384 908 2437 ad
934 2392 1034 2437 terram
1054 2372 1137 2451 misit,
1151 2387 1181 2436 ut
1201 2382 1364 2449 loqueretur
1384 2376 1492 2446 augelus

263 2481 377 2545 bomini,
390 2482 504 2547 spiritus
516 2483 603 2547 carni,
617 2489 644 2536 et
656 2482 769 2536 doceret
786 2484 898 2550 spiritus
917 2496 1028 2536 carnem
1045 2483 1079 2537 ad
1091 2481 1252 2535 discendam
1267 2480 1381 2547 spiritns
1396 2475 1493 2533 carnis

208 2615 210 2619 -
263 2593 316 2646 que
328 2580 453 2633 salutem.
473 2582 629 2647 venitergo
642 2582 749 2635 consilii
767 2582 852 2635 divini
871 2584 987 2650 legatus,
1008 2582 1120 2648 pertulit
1137 2581 1295 2648 imperium,
1314 2573 1494 2645 promulgavit

263 2680 393 2743 edictum,
405 2683 432 2733 et
443 2681 587 2746 praeelecti
601 2682 676 2747 pueri
691 2688 817 2747 parentes
830 2682 984 2750 alloquens,
998 2681 1162 2735 miserandis
1179 2680 1286 2734 civibus
1299 2690 1389 2732 cornu
1402 2673 1495 2729 salutis
1508 2666 1535 2725 Ι

263 2780 361 2831 erexit.
375 2781 451 2833 boeti
464 2787 596 2834 sumuset
607 2781 756 2847 credimus,
769 2782 867 2849 angele
879 2783 936 2845 bei,
952 2782 1048 2834 nuntia
1061 2787 1107 2835 tua
1120 2779 1213 2833 tidelia
1221 2784 1243 2843 ³,
1252 2772 1461 2833 commoditatis
1470 2775 1498 2826 et

262 2877 358 2930 salutis
368 2878 507 2950 alacritate
520 2880 618 2932 relerta
628 2898 636 2944 3
647 2881 750 2932 viscera
760 2881 807 2933 bei
818 2880 1189 2946 misericordiaeadoramus,
1198 2876 1247 2931 sed
1257 2876 1292 2930 de
1305 2881 1432 2943 tempore
1440 2884 1498 2940 pro·

263 2975 339 3027 missi
351 2980 445 3029 ortus⁴
454 2983 482 3029 et
494 2978 607 3030 nomine
620 2979 697 3044 pueri
707 2979 866 3046 ignorantes
876 2978 1020 3032 certillcari
1031 2977 1217 3044 deposcimus.
1226 2976 1302 3031 Post
1311 2972 1497 3037 triennium,

263 3079 291 3126 et
301 3080 393 3127 cetera
402 3088 490 3142 usque
502 3076 711 3141 occubitum).
719 3051 852 3129 indicium
861 3085 903 3130 est
912 3078 1025 3142 potioris
1035 3091 1066 3129 ac
1078 3074 1321 3143 superexcellentis
1329 3071 1405 3139 apud
1412 3072 1498 3125 iteum

264 3171 411 3240 privilegii,
425 3186 441 3225 a
455 3176 508 3226 lteo
525 3174 635 3226 titulum
658 3175 778 3227 nominis
799 3175 912 3228 cuilibet
929 3175 971 3228 vel
991 3177 1055 3240 poni
1073 3174 1115 3227 vel
1135 3173 1246 3227 mutari.
1260 3171 1386 3238 Amplius
1397 3169 1499 3237 quippe
1515 3164 1535 3219 l

264 3270 386 3338 diligitur
398 3272 445 3338 qui
459 3274 530 3325 inter
542 3278 649 3325 ceteros
660 3274 779 3339 amplius
791 3287 823 3326 ex
836 3275 948 3326 nomine
962 3275 1121 3337 bonoratur,
1132 3278 1160 3325 et
1172 3271 1244 3339 apud
1254 3284 1306 3325 nos
1314 3282 1430 3337 quoque
1438 3281 1498 3321 cum

264 3369 341 3435 plebs
354 3371 472 3424 invalida
485 3378 567 3438 atque
581 3373 730 3439 ignobilis⁵
741 3373 834 3434 lateat,
848 3375 988 3427 seniorum
1001 3382 1083 3440 atque
1095 3379 1254 3427 senatorum
1268 3371 1413 3425 laminaex
1425 3372 1500 3422 arata

265 3468 362 3522 litteris
383 3472 545 3524 memoriam
567 3471 696 3537 praestat.
719 3476 846 3542 ttagnum
871 3474 954 3541 igitur
974 3473 1090 3537 donum,
1113 3486 1211 3541 magna
1232 3472 1358 3538 dignatio
1378 3469 1498 3538 gratiae,

265 3579 362 3632 magna
375 3567 472 3621 fiducia
487 3570 685 3635 promissorum
699 3583 755 3623 non
774 3576 861 3636 potest
882 3571 1032 3636 immutari,
1046 3577 1073 3623 et
1083 3576 1173 3623 celera
1189 3582 1278 3636 usque
1290 3569 1324 3622 ad
1335 3567 1500 3622 excolew

263 3663 430 3731 disponens
439 3669 482 3731 (2).
496 3667 617 3719 Nominis
627 3680 737 3734 quoque
747 3669 998 3734 commonitorium,
1006 3670 1084 3735 quasi
1095 3674 1297 3735 competentem
1311 3668 1348 3722 ad
1360 3666 1498 3721 culturam
1510 3660 1535 3717 tt

264 3764 321 3831 agri
333 3765 522 3818 commodaret
543 3767 692 3833 sarculum,
705 3768 834 3833 quatinus
848 3781 943 3820 semen
960 3768 1036 3821 verbi
1050 3781 1098 3833 per
1115 3768 1272 3834 operarium
1286 3767 1415 3820 bonomi
1428 3772 1499 3820 terra

297 3931 391 3984 Num.
405 3931 437 3984 8.
455 3959 483 3970 -
496 3937 504 3971 ¹
517 3934 564 3987 sic
578 3937 601 4001 l,
615 3936 640 3987 b.
654 3963 686 3971 —
698 3938 709 3972 ²
720 3938 755 4000 (v.
769 3936 797 3987 in
811 3936 846 3999 c.)
858 3935 886 3987 in
899 3948 923 3988 c.
938 3939 1056 3988 v.2.-³
1067 3939 1105 4000 (n,
1116 3940 1135 3989 t.
1150 3936 1207 3999 ill.
1220 3949 1247 3989 n.
1262 3941 1281 3988 t.
1294 3936 1461 3990 2.-⁴om.
1477 3938 1500 3990 l.

264 4039 298 4050 -
309 4017 320 4053 ⁵
332 4012 433 4066 nobilis
445 4016 470 4067 2.
484 4044 516 4053 --
527 4021 539 4056 θ
550 4018 680 4070 extollere
694 4020 719 4070 t.
733 4047 764 4056 —
776 4023 787 4057 ⁷
799 4020 832 4082 (o.
847 4019 885 4082 b.)
899 4019 924 4070 b.
940 4020 1004 4071 ost.

296 4195 330 4259 (l)
343 4196 398 4247 lloc
412 4196 471 4248 loco
484 4196 620 4262 quaedam
633 4210 648 4248 a
661 4198 750 4252 scriba
766 4199 958 4264 praetermissa
972 4205 1044 4261 sunt,
1058 4200 1105 4252 ubi
1119 4200 1147 4250 in
1160 4201 1323 4268 primigenia
1348 4203 1504 4269 scriptione

263 4276 298 4328 ab
321 4277 417 4343 angeio
440 4291 541 4331 nomen
564 4280 701 4333 nascituro
724 4280 821 4333 infanti
844 4282 1043 4346 imponendum
1064 4282 1280 4349 significabatur.
1302 4285 1383 4348 -(2)
1398 4287 1502 4340 lterum

264 4358 399 4424 quaedam
411 4363 602 4425 praetermissa
615 4368 688 4414 sunt.
