3076 5498
152 301 218 367 466
469 318 595 368 caran.
619 321 722 369 cono.
742 321 916 370 usuroon.
939 322 1022 370 nar.

185 489 247 539 xn
266 486 468 540 miraculum.
482 515 516 527 -
537 491 602 540 ltem
620 488 664 541 die
683 501 701 541 11
719 490 822 541 mensis
844 490 1003 543 novembris
1027 489 1142 555 quidam
1164 491 1247 549 miles.
1266 489 1339 542 nonin

154 588 248 639 Petrus
260 587 294 639 de
307 587 398 648 zelen,
413 587 514 654 iniuste
527 594 681 651 accusatus,
694 589 856 641 innocenter
877 588 1023 655 captivitati
1037 589 1165 652 traditus,
1179 589 1211 642 ad
1235 566 1352 642 invocatis.

154 699 217 738 nem
230 687 315 739 sancti
329 687 454 751 martyris
467 688 554 739 extitit
565 689 696 739 continuo
717 687 859 749 liberatus,
873 693 900 739 et
922 688 1041 740 ostendit
1060 701 1127 742 suos
1147 689 1273 742 delatores
1284 689 1338 753 ipsiu

157 786 346 839 fraudulenter
359 799 501 839 accusasse
515 791 541 838 et
553 787 628 838 salsis
640 787 797 840 fictionibus
818 793 845 838 et
862 788 1027 852 juramentis
1048 787 1084 863 ad
1102 801 1212 855 grauem
1232 787 1338 840 custodian

126 878 127 881 ’
158 884 302 937 tradidisse
317 901 323 935 :
338 885 384 951 qui
398 891 489 951 postea
504 891 614 951 propter
627 885 782 952 hujusmodi
804 887 932 952 perjuria,
947 889 1001 939 beo
1019 887 1207 955 permittente,
1219 887 1288 955 digne
1302 884 1354 937 sirit

154 961 244 1050 puniti
259 990 285 1036 et
297 984 428 1051 castigati.

188 1088 254 1137 Item
276 1083 371 1136 eodem
393 1090 515 1148 tempore
536 1084 610 1136 venit
629 1085 662 1136 ad
685 1084 842 1150 sepulcrum
864 1085 950 1137 sancti
972 1086 1101 1152 martyris
1124 1087 1224 1140 mulier
1242 1083 1337 1152 quaeum

157 1183 236 1235 llillta
249 1183 370 1244 nomine,
383 1195 452 1234 uxor
466 1182 697 1245 Blabmuncionis,
710 1183 745 1235 de
756 1186 828 1236 liora
841 1184 1037 1250 Civitate,quae
1047 1185 1138 1238 tribus
1149 1182 1337 1249 annicetanpi‘u
1393 1220 1396 1223 -

156 1283 299 1337 oculorum
312 1282 406 1334 orbata
428 1281 588 1345 luminibus,
607 1282 735 1348 gravibus
756 1282 897 1335 doloribus
913 1284 1105 1350 torquebatur.
1119 1288 1189 1338 itaer
1211 1285 1267 1338 dum
1282 1291 1336 1335 mm

157 1383 281 1449 sepulcro
294 1383 431 1435 orationes
444 1381 568 1445 fudisset,
582 1382 724 1446 pristinam
737 1381 881 1434 oculorum
894 1383 1037 1435 sanitatem
1051 1386 1175 1437 obtinuit
1192 1385 1249 1438 ilico
1258 1396 1270 1436 a
1279 1372 1358 1434 arm!
1395 1416 1396 1420 ,

157 1488 274 1548 martyre
295 1480 462 1547 supradicto,
475 1494 558 1546 quam
570 1494 585 1532 a
599 1481 711 1532 medicis
733 1481 825 1533 multis
844 1482 922 1534 lactis
935 1484 1065 1548 expensis
1086 1490 1115 1535 et
1138 1475 1335 1550 impensisasmi
1390 1486 1396 1520 ²-

158 1595 212 1634 non
226 1583 322 1646 potuit,
336 1587 363 1633 et
375 1586 465 1647 grates
487 1580 635 1632 immensas
651 1578 782 1632 reddebat
803 1581 950 1642 altissimo,
963 1581 1011 1647 qui
1033 1583 1124 1646 ipsam
1138 1596 1187 1649 per
1199 1574 1336 1636 mortuam
1389 1583 1396 1616 ‘-

158 1673 324 1748 sigismundi
338 1681 464 1746 martyris
477 1680 691 1732 misericorditer
703 1679 876 1732 illuminavit.

191 1782 256 1832 ltem
270 1779 357 1832 indie
380 1779 504 1845 sequenti
526 1784 586 1844 post
599 1780 696 1831 testum
719 1779 815 1831 beatae
827 1779 974 1845 Elimbetb,
988 1779 1034 1832 die
1047 1793 1086 1833 xx
1099 1783 1205 1835 mensis
1224 1774 1336 1834 nonenim
1390 1781 1396 1813 ³

159 1879 292 1932 adductus
312 1884 356 1931 est
374 1878 408 1930 ad
430 1878 586 1944 sepulcrum
609 1878 721 1942 praelati
739 1879 864 1945 martyris
885 1878 926 1930 vir
948 1878 1072 1944 quIdam,
1097 1881 1241 1934 Nicbolaus
1257 1860 1359 1931 delui

160 1979 242 2042 tibus,
256 1979 302 2045 qui
316 1979 350 2031 ab
362 1979 443 2030 annis
455 1979 578 2045 quinque
596 1979 689 2030 lumen
711 1978 779 2030 caeli
794 1991 942 2044 numquam
965 1977 1082 2044 viderat,
1095 1979 1132 2033 de
1156 1982 1232 2047 eujus
1246 1974 1335 2032 curtilit
1388 1966 1395 1998 ι’

156 2077 340 2144 desperabant
351 2092 457 2130 omnes.
474 2078 520 2128 llic
541 2077 703 2143 confugiens
716 2077 751 2130 ad
772 2078 853 2141 hujus
867 2077 965 2129 medici
977 2079 1126 2143 auxilium,
1140 2086 1255 2145 optatam
1265 2077 1334 2129 mum

131 2205 135 2213 =
156 2181 182 2228 et
196 2177 339 2230 sanitatem
353 2176 495 2228 oculorum
509 2176 543 2227 ab
555 2187 588 2226 eo
600 2175 764 2241 impetravit,
777 2175 1000 2242 gloriticabatque
1018 2179 1117 2244 beum,
1131 2178 1181 2244 qui
1198 2179 1275 2244 ipsum
1284 2163 1334 2225 attii
1392 2208 1395 2213 -

156 2274 320 2343 SIgismondi
333 2275 464 2326 meritisa
477 2273 605 2340 gravibus
618 2274 739 2326 tenebris
751 2274 851 2340 eripuit
863 2280 891 2326 et
903 2274 1022 2327 eundem
1037 2276 1213 2330 illuminavit.

188 2376 265 2426 XIII
278 2374 480 2426 nicaeorum.
493 2403 526 2410 —
538 2375 603 2425 ltem
626 2374 654 2425 in
666 2374 756 2440 vigilia
778 2379 888 2426 sanctae
902 2374 1066 2428 llatlrerinae
1088 2375 1237 2442 perductus
1246 2352 1358 2434 aurci!
1395 2364 1396 2408 ἶ

156 2488 233 2527 orum
247 2473 378 2540 praedicti
391 2475 476 2526 sancti
491 2447 616 2540 martyris
637 2473 802 2541 Sigismondi
821 2474 940 2527 famulus
952 2475 1077 2541 quidam,
1092 2480 1188 2530 Petrus
1207 2464 1334 2542 panniletlt
1390 2479 1396 2508 ἰ

157 2576 266 2636 Iloctuz,
280 2573 406 2625 similiter
426 2575 549 2639 quinque
562 2586 698 2625 annorum
718 2573 862 2625 curriculis
874 2573 978 2625 lumino
996 2574 1143 2628 oculorum
1155 2564 1334 2629 omninodcilt

161 2680 221 2738 tus3
235 2680 335 2726 etcum
350 2673 425 2726 nullo
447 2674 615 2726 medicorum
638 2672 740 2725 auxilio
756 2674 844 2737 jurari
869 2674 1010 2737 potuisset,
1025 2675 1252 2728 recommendans
1267 2685 1288 2724 sc
1300 2662 1334 2717 lbi
1389 2667 1396 2701 ³·

156 2776 275 2842 glorioso
297 2776 413 2835 medico,
428 2776 473 2840 pio
494 2777 615 2826 omnium
638 2774 799 2827 afflictomm
823 2775 998 2841 consolatori,
1021 2777 1182 2830 cordialiter
1201 2763 1336 2845 ingemittl
1391 2765 1396 2797 ³

156 2877 207 2930 sibi
221 2877 368 2929 subvenire
380 2878 549 2944 dignaretur.
564 2879 624 2927 llox
640 2875 741 2927 ibidem
755 2889 804 2941 per
816 2876 915 2928 merita
927 2882 954 2928 et
965 2876 1194 2931 intercessionem
1207 2875 1281 2930 sancti
1294 2846 1360 2920 Iti*
1390 2859 1396 2879 '

158 2977 222 3037 tyris
234 2977 323 3028 dictus
336 2979 430 3028 Petrus
451 2977 593 3028 sanitatem
608 2975 749 3027 oculorum
772 2988 885 3027 suorum
900 2980 927 3027 et
948 2977 1041 3029 lumen
1065 2978 1215 3042 pristinum
1234 2973 1339 3028 assecuti

160 3076 296 3151 referebat
306 3079 396 3142 grates
409 3075 590 3139 omnipotenti
604 3077 668 3139 lleo,
682 3075 728 3138 qui
743 3074 805 3125 lecit
818 3087 911 3125 secum
927 3075 1149 3128 misericordiam
1163 3090 1245 3128 suam.

191 3176 285 3227 xlm
298 3173 501 3226 Miraculum.
517 3202 548 3210 -
561 3173 629 3224 ltem
643 3173 670 3224 in
684 3172 728 3224 die
740 3173 811 3225 beati
824 3173 948 3225 Andreae
967 3174 1083 3238 apostoli
1096 3175 1231 3229 adductus
1241 3173 1270 3227 ad
1281 3159 1343 3237 pratil

159 3281 216 3328 tum
229 3275 385 3339 sepulcrum
401 3273 546 3324 llenslinus
559 3273 669 3338 quIdam
685 3273 719 3324 de
740 3273 801 3324 villa
815 3273 904 3326 llllita.
918 3274 965 3339 qui
988 3273 1120 3327 undecim
1134 3273 1285 3341 septimanis
1294 3259 1345 3321 otti·

160 3374 223 3426 nnis
236 3378 262 3424 et
275 3373 440 3437 gravissimis
454 3371 585 3424 laborarit
598 3370 811 3436 infirmitatibus,
825 3372 859 3423 de
876 3374 954 3438 cujus
967 3373 1021 3425 sita
1035 3380 1063 3426 et
1075 3375 1279 3440 recuperatione
1289 3340 1372 3421 sabb5¹

160 3472 257 3523 medici
272 3484 368 3523 omnes
382 3470 573 3536 desperabant.
587 3470 634 3521 llic
647 3482 738 3522 coram
753 3469 849 3523 eodem
862 3471 989 3535 sepulcro
1001 3477 1166 3540 prostratus,
1181 3479 1240 3538 post
1254 3467 1351 3523 cratium

159 3572 279 3624 diutinas
290 3571 433 3623 sanitatem
443 3570 625 3621 desideratam
636 3569 707 3621 bene
716 3569 834 3621 obtinuit
843 3582 858 3621 a
868 3575 961 3621 sancto
971 3570 1148 3636 SIgismoudo
1156 3571 1264 3624 caelesti
1272 3563 1355 3621 metim

161 3684 243 3736 quam
256 3683 271 3722 a
285 3669 402 3721 terrenis
416 3668 529 3719 medicis
550 3668 631 3719 etiam
646 3666 739 3718 multis
761 3667 885 3732 pecuniis
898 3681 953 3719 non
967 3669 1055 3732 potuit
1076 3668 1204 3734 adipisci,
1217 3677 1243 3722 et
1254 3666 1358 3721 restitutit

160 3770 277 3833 sanitati,
292 3768 460 3836 glorificabat
472 3769 557 3818 beum
570 3767 675 3833 magnis
688 3767 799 3819 vocibus
812 3773 839 3819 et
851 3772 974 3820 sanctum
987 3774 1137 3834 martyrem
1151 3784 1236 3824 suum
1247 3768 1361 3836 stgisnm
1394 3780 1396 3809 ι

161 3868 237 3931 dum,
253 3881 302 3934 per
313 3880 394 3932 quem
407 3871 481 3917 tanta
495 3864 627 3916 miracula
640 3865 748 3930 operari
761 3865 887 3932 dignatus
900 3871 952 3918 est.
1371 3836 1396 3901 ⁸¹

192 3968 251 4018 XV
262 3965 464 4017 miraculum.
477 3991 506 4000 -
519 3963 619 4015 Eodem
632 3969 753 4028 tempore
766 3965 872 4016 llroclro
885 3963 963 4016 miles
975 3963 1010 4016 de
1024 3966 1191 4032 Preszilucz,
1205 3968 1269 4022 dum
1280 3960 1367 4019 csseiil

160 4068 285 4126 Wienna,
300 4064 451 4130 patiebatur
464 4064 580 4130 graviter
601 4063 755 4128 paralysim,
771 4064 806 4114 lta
821 4061 861 4115 ut'
872 4076 982 4116 manum
999 4063 1145 4118 dexteram
1164 4069 1274 4121 sinistra
1286 4070 1370 4118 muttit

162 4181 216 4221 non
231 4172 328 4233 posset.
344 4167 390 4217 llic
403 4178 464 4217 cnm
479 4164 586 4217 lecisset
599 4170 690 4215 votum
703 4165 813 4217 visitare
830 4163 934 4216 liminia
953 4166 1041 4218 sancti
1059 4168 1242 4235 Sigismondi,
1255 4159 1373 4222 morsali

162 4272 244 4318 tatem
258 4265 400 4330 pristinam
414 4264 524 4328 recepit.

193 4365 268 4416 XVI
279 4363 481 4415 utraculum.
495 4389 529 4398 -
548 4363 614 4412 ltem
627 4362 655 4412 in
676 4363 766 4428 uigilia
781 4363 866 4414 sancti
889 4363 989 4415 Nicolai
1002 4365 1089 4415 venit·
1100 4367 1142 4417 vir
1155 4368 1270 4433 quidam
1289 4367 1322 4419 de
1331 4352 1396 4414 ribi

1 4463 3 4477 '
19 4475 130 4516 momen
164 4464 304 4515 Ellioctam
318 4475 404 4527 prope
418 4461 610 4523 ltzen·nicz‚...'
621 4461 743 4528 nomine,
758 4462 880 4514 referens
892 4462 966 4527 quod
979 4475 1042 4514 cum
1056 4464 1176 4517 baberet
1188 4469 1303 4520 unicum
1313 4464 1381 4516 lilim

0 4529 346 4648 ἵξιθζξῖῑεάεμοῑεῃῑοῐη
359 4567 386 4613 et
398 4560 575 4613 constitutum
593 4560 621 4610 in
635 4560 729 4612 mortis
740 4560 863 4628 articulo,
878 4560 1084 4615 commendavit
1096 4564 1192 4629 ipsum
1213 4572 1307 4620 sancto
1319 4562 1385 4630 Sitit·
