3076 5498
143 313 210 381 490
488 329 617 380 cartu.
634 299 741 380 cono,
757 328 933 380 anatona.
952 323 1034 378 nas.

145 498 237 552 verbo
251 498 437 567 fidelissima
449 501 523 551 suut
538 510 576 551 ac
594 510 679 563 vero,
699 496 811 564 quibus
825 498 875 550 me
892 496 1003 550 mortis.
1024 495 1057 550 Si
1075 509 1152 549 uera
1164 496 1240 557 suut,
1251 492 1324 547 dudm

146 599 230 652 euim
240 610 362 664 seraper
375 601 403 650 te
413 597 434 638 ¹¹
449 600 525 664 uoto,
538 601 568 650 et
580 596 734 664 quidquid
745 596 839 650 atiud
851 595 932 649 mitti
938 595 1114 662 praecipis,
1123 592 1226 662 facere
1234 593 1321 660 potatu

145 710 224 750 sum.
239 699 382 752 Attamen
394 712 430 752 eo
443 711 524 766 quae
534 699 623 751 modo
635 698 715 751 dicis
726 709 863 764 uequeor
882 696 1068 762 adimplere.
1083 695 1137 747 Sed
1146 695 1238 747 iterun
1244 690 1319 757 adimit

149 796 244 849 dicens
257 813 264 848 :
279 797 346 850 Non
360 797 498 849 tristeris
519 797 552 847 in
577 795 678 848 verbis
698 794 786 859 meis,
806 808 887 862 quae
906 794 963 848 tibi
982 792 1064 846 diei.
1091 787 1318 858 Antucpmtstu

149 909 375 951 commoremur
386 897 483 950 simut
495 896 593 957 ambo,
606 898 637 947 et
653 895 845 948 uoluntatem
862 895 918 948 Dei
929 893 1112 961 probemus.
1126 892 1194 946 Nou
1209 883 1331 954 nimrim

150 995 236 1049 uobis
249 998 329 1062 quod
337 996 489 1062 piurimis
502 997 663 1050 conlatum
671 995 695 1035 ¹²
705 998 761 1062 est,
770 994 907 1063 qualiter
918 1006 996 1046 suae
1007 992 1176 1059 repatitati
1183 992 1315 1058 platoma·

152 1096 201 1149 lta
213 1095 260 1148 sic
273 1096 341 1162 fiat.
355 1095 392 1147 td
408 1095 533 1146 bassilla
546 1095 688 1160 respondit
703 1115 709 1148 :
726 1096 906 1150 occasiones
924 1094 1064 1162 quaeris,
1076 1105 1118 1146 ue
1125 1081 1316 1158 praesmeuti

152 1195 233 1262 quod
242 1198 313 1261 peto
326 1193 390 1248 tibi.
397 1197 472 1248 Tune
482 1208 546 1247 vero
557 1195 655 1249 devota
667 1201 695 1248 et
704 1195 860 1248 felicissima
869 1193 893 1234 ¹³
901 1195 1003 1247 femina
1010 1193 1036 1235 ¹⁴
1047 1206 1112 1246 cum
1124 1191 1212 1245 cordis
1223 1184 1315 1242 1111111111

153 1295 213 1360 ejus
225 1307 254 1345 se
266 1294 412 1360 prostravit
424 1294 539 1359 pedibus
552 1300 652 1348 etcum
665 1295 757 1347 multis
770 1294 965 1348 blandimentis
979 1293 1120 1346 mulcebat
1132 1292 1243 1345 animum
1251 1277 1315 1341 ddss',

17 1399 26 1419 ¹
64 1397 69 1407 '
87 1437 94 1450 .
154 1399 185 1447 ut
196 1392 357 1446 mortificata
368 1395 493 1447 membra
505 1408 553 1447 sua
566 1398 621 1448 beo
633 1393 764 1448 oderrent
775 1401 804 1448 et
816 1396 875 1447 bac·
888 1394 1049 1447 inviolatum
1068 1399 1171 1445 statum
1182 1386 1315 1444 castitatitttt·

153 1498 248 1546 vatent
265 1495 313 1546 bei
337 1493 507 1546 mandatum.
530 1495 676 1562 subjunxit
696 1496 770 1547 enim
790 1494 948 1547 beatissima
969 1493 1071 1546 femina
1095 1499 1124 1545 et
1145 1491 1208 1543 dixit
1228 1487 1316 1540 :dnm

154 1591 309 1646 doctinam
323 1594 517 1647 continentia
529 1595 686 1647 castitatis
692 1594 878 1661 promimum
887 1593 948 1646 Deo
973 1592 1095 1646 reddet.
1109 1592 1169 1645 Eos
1180 1588 1250 1643 adm
1258 1588 1317 1646 W

153 1694 216 1745 ctat
231 1692 372 1758 pieriosa
390 1693 502 1746 vitain
521 1694 633 1760 quibus
652 1692 775 1762 feceriut
797 1693 953 1748 laboriosa
977 1692 1167 1747 certamino.
1187 1686 1318 1742 ominati

103 1838 112 1863 ,
154 1791 238 1844 euim
249 1806 270 1845 a
283 1793 334 1846 via
342 1805 457 1861 prava,
466 1807 527 1861 per
539 1808 634 1861 quam
646 1795 761 1847 multos
773 1794 970 1860 repperimus
982 1780 1144 1846 occidisse.
1154 1806 1159 1817 ·
1171 1787 1245 1849 Quod
1253 1784 1272 1837 ¹¹
1280 1789 1319 1846 111

149 1893 224 1957 pter
241 1893 340 1958 parci
360 1894 508 1958 temporis
529 1893 693 1946 luduriam
714 1892 823 1946 carnis
835 1891 1046 1945 obsecundare
1057 1889 1158 1945 nitori
1168 1888 1191 1929 ¹⁵
1204 1876 1319 1955 MW

155 1988 333 2058 refutamus
340 1992 373 2058 ¹0,
386 1993 549 2046 videamus
559 2007 615 2046 uos
627 1993 657 2046 si
667 1994 798 2046 madere
809 1991 938 2045 ruinam
945 1990 1109 2057 possimus
1121 2000 1197 2056 quae
1207 1985 1243 2040 ud
1252 1970 1320 2047 diff

158 2090 407 2145 deductionibus
418 2092 448 2141 ¹7.
467 2094 642 2146 &nendum
654 2092 741 2146 uobis
759 2094 815 2159 est,
826 2091 900 2159 quia
909 2089 1105 2156 jamdudum
1127 2082 1257 2154 estquod
1268 2082 1321 2132 bod

158 2191 416 2256 sermocinamur,
429 2205 470 2244 rte
482 2195 510 2245 te
521 2192 659 2258 offendat
672 2192 842 2246 verbositas
859 2193 980 2245 uostro.
997 2190 1085 2255 liujus
1103 2200 1168 2256 ergo
1184 2173 1322 2240 eistadii

159 2289 285 2356 audiens,
298 2304 361 2344 eum
374 2296 447 2344 esset
458 2293 486 2343 in
499 2292 701 2345 adulescentiae
711 2290 735 2334 ¹8
747 2293 847 2359 vigore,
871 2290 1019 2357 torquebat
1031 2301 1095 2341 eum
1113 2268 1322 2340 11111011111111111·

160 2396 246 2443 turae.
261 2392 407 2444 volebatur
419 2393 494 2444 enim
507 2393 543 2454 ei,
556 2393 660 2445 alsatis
673 2392 789 2444 arduum
803 2398 883 2456 atque
901 2387 1013 2442 difficile
1031 2389 1056 2441 ei
1070 2395 1131 2441 erat
1142 2391 1227 2440 tanae
1236 2367 1322 2433 uland

161 2490 280 2557 conjugii
292 2492 419 2557 perdere.
434 2493 473 2544 0b
483 2493 533 2544 boe
546 2491 626 2544 vaide
641 2491 778 2544 refutabat
787 2488 811 2530 ¹⁹
824 2491 956 2556 praebere
968 2486 1149 2542 consensum.

194 2591 226 2641 4.
246 2589 298 2641 sed
311 2590 378 2641 iliud
393 2604 448 2643 non
461 2599 503 2643 est
514 2592 650 2644 silendum
664 2591 738 2658 quod
750 2591 774 2642 ei
787 2590 919 2642 boidinus
932 2588 964 2641 ad
977 2588 1093 2655 gloriam
1113 2584 1227 2640 nominis
1240 2579 1273 2633 sti
1285 2578 1325 2640 111*

161 2688 237 2739 stitit.
246 2690 282 2741 Eo
295 2693 419 2756 tempore
431 2703 492 2741 sum
503 2691 544 2742 sir
552 2691 611 2756 ejus
620 2689 685 2756 pro¹
702 2689 896 2756 conjunctione
908 2688 1000 2740 carnis
1011 2688 1118 2740 servire
1132 2699 1186 2738 non
1197 2664 1326 2739 celestii

162 2789 250 2852 sitias,
263 2788 326 2841 iiico
340 2788 385 2841 ilia
395 2789 549 2855 ingemiscit
561 2797 587 2841 et
600 2790 711 2857 plangit,
725 2790 789 2856 quia
802 2788 900 2841 trustra
910 2787 935 2839 ei
946 2799 1039 2839 sacros
1049 2799 1191 2840 sermones
1199 2777 1325 2851 praenibtb

162 2888 343 2941 lucrifacere¹
356 2902 418 2941 euin
434 2890 547 2940 bomino
560 2901 616 2941 non
629 2891 752 2954 possetti.
764 2891 840 2940 Tune
857 2899 923 2941 vero
933 2886 1091 2940 beatissima
1102 2899 1179 2939 more
1190 2866 1326 2949 supplidbss*

163 3001 286 3041 suasum
300 2989 436 3055 adflagitat
450 2988 666 3052 νοοεό,11ἰοεηε;
683 2988 808 3042 Obsecro
826 2990 862 3053 te,
882 2986 1007 3040 domiue
1023 2997 1122 3049 meus,
1136 2988 1173 3038 ut
1187 2977 1325 3036 milium·

163 3089 238 3140 dum
251 3088 442 3142 desiderium
454 3103 557 3142 mcum
569 3088 708 3141 crebrius
726 3087 856 3140 uisitare
874 3088 1059 3140 sauctorum
1082 3086 1151 3140 loca
1164 3079 1294 3137 licentiati
1299 3060 1327 3120 θ’·

163 3185 250 3240 duas.
264 3188 346 3240 Satis
358 3187 440 3240 euim
451 3188 736 3240 tuttutrtsstmumt
750 3188 1035 3240 sanctorumsocro
1044 3197 1197 3238 venerare
1205 3165 1327 3236 1111111111

165 3300 226 3339 cum
240 3288 320 3341 aliter
333 3289 421 3359 iacere
435 3301 490 3341 non
503 3295 594 3355 posset
602 3289 624 3353 ¹,
638 3288 701 3354 quia
714 3286 846 3353 diligebat
857 3298 917 3337 eam
929 3284 1009 3337 valde
1019 3290 1047 3336 et
1059 3286 1120 3351 ejus
1134 3279 1252 3337 voluntati
1263 3262 1328 3342 pat&

165 3389 293 3453 libenter,
307 3388 449 3454 respondit
461 3388 557 3440 disens
572 3405 578 3440 :
593 3389 654 3440 Fac
666 3387 748 3454 quod
760 3387 868 3454 placet
888 3383 944 3437 tibi
960 3383 1084 3438 bouum.
1098 3387 1174 3437 bruc
1185 3388 1261 3434 auum
1270 3358 1328 3425 [¹¹¹¹h

165 3489 271 3554 Christi,
282 3489 389 3540 favente
403 3489 526 3552 bomine,
538 3489 663 3540 absoluta
677 3491 719 3540 est
730 3499 745 3538 a
758 3487 817 3538 viro
829 3497 889 3548 suo,
903 3490 933 3537 ut
944 3482 1000 3537 ex⁸
1013 3484 1059 3536 illa
1073 3485 1140 3536 bora
1153 3488 1180 3536 et
1190 3470 1328 3545 tempusliffl

167 3585 232 3639 tiam
247 3588 359 3640 baberet
371 3587 468 3640 orandi
481 3595 563 3653 atque
576 3588 692 3653 spatium
714 3584 842 3650 vigilandi
862 3585 890 3636 in
911 3583 1028 3636 ecclesia
1046 3589 1144 3636 sancta
1164 3564 1329 3635 succumbi

166 3688 261 3741 nandi.
276 3690 338 3741 Post
351 3690 417 3740 hace
431 3688 475 3740 bei
489 3688 598 3750 cultrix,
613 3699 707 3738 amore
719 3684 845 3737 caelestis
866 3683 969 3748 patriae
990 3696 1137 3746 succensa,
1150 3695 1199 3750 pro
1210 3659 1330 3745 repriffl

102 3790 106 3797 ’
167 3788 238 3840 vitiis
250 3789 340 3841 carnis
353 3801 418 3841 suae
433 3786 613 3849 orationibus,
627 3786 726 3852 vigiliis
739 3789 765 3836 et
776 3781 960 3836 abstinentiae
974 3783 1091 3850 jejuniis
1112 3782 1198 3850 magis
1215 3792 1242 3832 at
1254 3766 1331 3837 Μ’

166 3889 245 3940 ircno
257 3889 471 3955 constringebat.
486 3885 599 3946 beinde,
619 3885 682 3949 quia
696 3883 772 3935 dives
793 3885 853 3933 erat
869 3886 897 3933 et
918 3881 1042 3947 locuplex
1064 3889 1200 3943 matrona,
1220 3865 1332 3933 eltdbb'

166 3986 265 4040 cotidie
277 3987 443 4053 pauperibus
455 3986 594 4053 erogabat.
608 3993 635 4037 et
655 3998 689 4035 ne
702 3981 843 4035 dationis⁹
857 3983 950 4035 lumen
972 3981 1001 4032 in
1019 3981 1179 4034 transitoria
1192 3981 1241 4031 vita
1251 3956 1334 4026 idat&

166 4197 198 4207 -
217 4168 238 4209 ¹¹
257 4172 288 4232 (s.
309 4170 342 4232 te)
360 4176 386 4221 te
399 4183 422 4220 s.
441 4170 466 4220 1.
484 4197 516 4205 -
529 4168 553 4209 ¹²
565 4167 690 4219 conlatus
701 4169 724 4217 1.
738 4193 771 4202 -
783 4160 973 4216 13tidelissima
985 4161 1011 4213 2.
1021 4188 1055 4199 -
1068 4161 1092 4203 ¹4
1103 4160 1228 4227 protinus
1237 4147 1341 4211 odd?
1361 4208 1363 4215 ,

167 4252 191 4294 ¹5
200 4252 312 4303 nitimur
324 4253 348 4302 i.
363 4279 392 4288 -
409 4251 432 4291 16
443 4256 618 4316 repputamus
629 4251 654 4303 2.
670 4277 700 4286 -
714 4249 737 4290 ¹7
749 4247 839 4299 valeas
850 4246 875 4298 1.
887 4272 921 4282 -
931 4243 955 4287 ¹8
965 4244 1155 4297 adulescentia
1174 4247 1198 4296 1.
1209 4233 1344 4298 -111111ιῦ

165 4335 246 4386 batt.

198 4419 290 4469 Num.
304 4418 336 4467 4.
352 4444 378 4454 -
396 4417 404 4458 ¹
419 4415 650 4482 (pro-pudicitiae)
663 4414 773 4467 nolebat
784 4413 818 4464 ad
832 4411 964 4478 religione
977 4411 1132 4463 sanctitatis
1150 4415 1300 4463 convertere
1310 4402 1355 4452 ¹*

164 4503 176 4543 ²
191 4500 343 4553 lucrificare
356 4504 380 4554 1.
395 4503 447 4542 -3
462 4503 545 4566 possit
557 4504 580 4554 t.
596 4529 629 4537 —
642 4503 653 4541 ⁴
668 4496 839 4564 supplicante
849 4495 875 4548 Ξ.
887 4521 921 4533 -
932 4494 945 4536 ⁵
957 4506 1056 4546 vocem
1067 4495 1095 4546 2.
1109 4523 1144 4532 -
1155 4495 1169 4537 θ
1181 4501 1224 4547 est
1234 4490 1297 4546 add.
1312 4486 1360 4537 1·

164 4582 273 4646 ipossit
292 4583 315 4634 2.
341 4582 613 4645 -8tex-haberet)
635 4580 766 4642 deinceps
799 4574 865 4629 hab.
897 4574 942 4626 lio.
965 4576 992 4627 1.
1021 4574 1089 4616 -‘¹
1114 4575 1293 4629 damnationis
1311 4570 1363 4620 t‘
