3076 5498
257 318 353 368 3131..
371 317 453 368 ΜΤ.
473 318 592 369 PARIS.
609 338 655 350 -·
670 319 825 370 APPEND.
845 319 892 368 Ab
909 318 988 370 001).
1008 318 1100 369 ubil.
1264 306 1310 372 37

10 509 17 521 -
114 485 146 534 ut
154 486 313 540 cantitata.
327 486 458 542 Libellos
475 487 651 555 accepimus
662 488 852 542 continentes
865 488 903 541 de
915 490 943 542 te
952 488 1199 544 innumerabilia
1210 491 1308 545 mala.

10 606 14 613 ·
112 580 145 633 Aa
151 587 380 654 respondendum
391 599 464 654 erqo
471 599 533 654 pro
545 586 594 639 bis
606 587 687 654 oeni,
700 587 814 641 ducem
832 589 932 642 mcum
943 587 1143 655 Serapionem
1160 601 1198 643 ac
1214 589 1311 658 Tipri-

109 677 174 736 dium
178 685 368 753 presbyteros
383 706 389 735 ε
411 689 484 739 sunt
500 687 585 739 enim
606 687 786 741 necessarii.
809 688 893 739 lirant
914 686 960 754 qui
974 692 1106 740 venerant
1118 688 1262 743 Dioscorus
1280 696 1307 743 et

104 776 189 837 lanius.
200 788 259 838 Posi
271 785 430 850 lectionem,
443 784 670 839 contradixerunt
681 787 801 852 quicum
814 791 909 840 sancto
927 787 1052 839 iohanne
1073 792 1152 840 erant
1172 788 1306 857 episcopi,

76 870 215 937 imitentes
225 885 377 951 Theophila
388 898 438 951 per
450 885 593 952 episcopos
606 890 661 938 ires
674 889 702 938 et
721 885 896 952 presbyteros
918 886 998 949 duos,
1020 885 1193 954 Lupicinum,
1212 890 1307 941 Deme·

94 977 174 1049 in'un,
185 985 324 1049 bensium,
336 987 466 1038 Severum
477 990 504 1037 et
515 988 691 1050 Germanum,
704 998 800 1038 omnes
812 985 855 1037 isti
866 986 916 1037 viri
931 985 1028 1051 sancii,
1041 989 1068 1038 et
1079 986 1169 1053 dignis
1193 988 1284 1041 verbis
1299 1003 1306 1041 :

86 1071 133 1129 Ne
146 1082 392 1150 transqrediaris,
406 1083 545 1150 inquiunt,
558 1083 785 1137 ecclesiasticas
807 1085 944 1150 reputas,
964 1084 994 1136 et
1005 1097 1044 1137 ne
1065 1084 1192 1138 scindas
1205 1085 1306 1140 Eccle-

79 1172 170 1248 siam,
176 1195 234 1248 pro
246 1196 308 1250 qua
320 1184 402 1236 Deus
412 1184 497 1236 ultro
509 1195 547 1236 ac
556 1182 786 1250 potentialiter,
797 1182 885 1236 borno
895 1185 991 1236 natus
1000 1183 1171 1250 enoirqine
1183 1187 1304 1253 sancta,

73 1267 189 1346 ineptis
199 1280 260 1334 sibi
273 1281 478 1334 existentiam
495 1282 692 1335 contumeliis
712 1267 957 1349 asperrimisque
977 1282 1081 1340 illatis
1102 1283 1266 1336 tormentis
1284 1295 1305 1336 a

38 1363 251 1434 fluuialibus
266 1379 398 1446 affectus
417 1384 448 1434 et
470 1383 599 1435 necatus
619 1381 788 1449 dr'qriuuter
811 1385 865 1449 est,
889 1385 920 1434 et
942 1382 1120 1434 resurreait
1143 1383 1305 1448 coelosque

63 1479 221 1532 &cnidii
232 1479 293 1534 cur
304 1479 437 1547 despicis
449 1480 594 1533 instituta
601 1481 812 1535 Nicaenorum
820 1493 975 1535 canonum
986 1483 1192 1535 trecentorum
1201 1481 1304 1535 decem

59 1572 94 1621 et
112 1581 332 1646 ociopatrum,
345 1580 574 1634 vocansoirum
587 1581 643 1633 Dei
653 1579 825 1633 iohannem
847 1580 881 1631 in
904 1580 985 1634 siloa
1003 1580 1165 1648 damnare,
1178 1583 1214 1632 ut
1229 1581 1306 1634 Cain

56 1668 152 1729 Abel
161 1676 295 1745 fratrem
307 1692 400 1731 suum
412 1679 445 1732 in
458 1692 566 1747 campo
578 1680 698 1733 vocavit
711 1681 846 1734 necare?
864 1679 938 1732 Veni
950 1681 982 1732 tu
991 1679 1033 1732 ad
1044 1691 1100 1733 nos
1112 1679 1304 1745 inpacatum

55 1779 107 1824 ac
127 1777 360 1844 divitemjuslis
372 1778 489 1845 leqibns
510 1779 625 1847 urbem,
648 1779 760 1832 audiri
779 1781 808 1830 et
821 1778 969 1844 judicari
988 1791 1008 1831 a
1028 1777 1126 1832 nobis.
1150 1778 1304 1832 Habemus

25 1865 235 1930 ibadcersus
248 1878 489 1944 teseptuaqinta
501 1878 652 1945 capitula,
674 1879 771 1931 certos
794 1877 918 1944 libellos,
938 1878 977 1930 de
993 1879 1186 1945 perpetratis
1205 1877 1307 1944 culpis

50 1967 152 2042 luis,
169 1979 197 2029 et
212 1944 324 2044 piures
346 1989 454 2029 sumus
475 1989 568 2043 quam
593 1979 648 2029 tua
668 1976 806 2041 synodus
826 1977 882 2029 Dei
899 1977 1008 2043 qratia
1028 1977 1157 2044 collecti,
1178 1989 1242 2029 non
1262 1976 1305 2029 ad

49 2063 299 2127 &assensionem
311 2074 467 2128 Ecclesiae
478 2074 533 2128 sed
539 2087 659 2141 pacem.
679 2075 722 2128 Tu
735 2074 859 2141 quidem
871 2087 903 2127 es
916 2075 1093 2128 tricesimus
1113 2077 1220 2129 secatus
1240 2074 1304 2142 epi·

47 2177 236 2240 scoparum
247 2174 342 2226 unius
348 2174 495 2241 patriae;
508 2187 565 2228 nos
576 2177 681 2227 autem
692 2188 798 2228 snmus
811 2175 1025 2242 quadraqintu
1037 2175 1075 2228 de
1087 2175 1219 2228 diuersis
1230 2187 1306 2242 pro·

47 2267 196 2340 vinciis,
210 2274 244 2326 in
256 2273 367 2340 quibus
379 2276 452 2326 surit
464 2277 580 2339 septem
592 2275 827 2341 metropolitani
837 2291 846 2340 ,·
869 2277 899 2327 et
919 2274 1018 2340 eooiqit
1037 2275 1121 2328 ratio
1135 2275 1305 2341 pauciores

16 2363 113 2432 Ma]
127 2371 272 2438 pluribus
283 2371 468 2425 examinari
479 2372 649 2425 secundum
660 2384 803 2426 canones.
820 2373 962 2427 Consenti
973 2372 1194 2427 ecclesiasticis
1205 2374 1305 2427 decre·

51 2463 131 2537 iis,
151 2471 317 2537 deprecare
337 2483 402 2538 nos,
428 2473 496 2524 tuos
518 2471 720 2539 incusatores,
740 2484 759 2524 a
781 2474 836 2526 tua
858 2472 1013 2538 quiescere
1037 2472 1240 2539 incusatione,
1263 2486 1302 2528 ac

51 2572 217 2623 nostrum
227 2571 400 2624 adventum
408 2571 451 2624 ad
464 2573 493 2624 te
505 2570 681 2624 humillime
688 2571 830 2638 prohibe.

99 2666 166 2720 32.
178 2671 291 2722 sancius
303 2671 453 2735 iohannes,
466 2670 513 2736 qui
525 2683 582 2723 non
594 2670 646 2723 sibi
659 2671 709 2724 soli
730 2671 778 2723 sed
790 2677 818 2724 et
837 2672 966 2725 omnibus
985 2672 1142 2726 hominibus
1154 2671 1187 2725 ad
1199 2673 1305 2727 bonum

58 2769 232 2833 exemplum
245 2767 339 2821 vivere
350 2768 529 2835 doctrinaque
543 2782 592 2821 sua
611 2769 740 2834 prodesse
753 2783 863 2836 semper
880 2771 1026 2837 satagebat,
1048 2769 1225 2837 loquentibus
1238 2771 1306 2824 hoec

30 2864 211 2933 §episcopis
223 2867 311 2919 dixit:
329 2868 411 2925 Quae
423 2867 507 2921 vobis
518 2868 664 2921 videntur
684 2867 764 2922 bona
783 2869 950 2935 loquimini
968 2871 998 2922 et
1017 2869 1125 2922 eadem
1146 2860 1304 2937 descripta

68 2963 265 3031 mittite3me
278 2966 479 3020 tamendecet
491 2967 532 3019 ad
544 2967 734 3020 denuntiata
754 2966 835 3019 milii
853 2968 1048 3034 respondere.
1072 2969 1119 3019 His
1139 2974 1231 3021 autem
1253 2970 1302 3035 qui

75 3070 161 3115 erant
169 3067 307 3132 Theophili
328 3067 469 3132 respondit
484 3083 489 3116 :
503 3066 535 3119 Si
546 3067 642 3119 vultis
653 3080 701 3119 me
714 3068 820 3120 venire
840 3067 883 3120 ad
902 3079 963 3130 oos,
977 3069 1173 3134 separentur,
1186 3080 1270 3134 rapo,
1282 3081 1304 3121 a

13 3134 21 3191 '¹
82 3163 207 3218 concilio
218 3168 318 3217 cestro
332 3164 366 3218 lu'
377 3178 450 3231 quos
463 3166 603 3233 noviper
613 3167 766 3219 inuidiam
773 3167 949 3231 maliqnari
957 3168 1066 3219 contra
1078 3178 1134 3232 ine,
1143 3168 1173 3218 et
1181 3167 1303 3219 veniam

13 3279 16 3282 ⁴
89 3260 279 3316 acducutiar
303 3277 324 3316 a
345 3263 436 3330 uobis,
452 3267 481 3316 et
489 3265 634 3330 juntaid
655 3265 736 3331 quod
756 3264 1127 3330 culpabilisapparuero
1149 3266 1301 3318 canonica

62 3355 85 3405 bb
98 3361 264 3415 auctoritate
273 3363 470 3428 raejiidicate
482 3381 490 3415 :
503 3363 645 3430 quamvis
665 3364 820 3417 nesciente
839 3363 1037 3415 sanctissimo
1058 3362 1238 3417 Innocentio
1250 3365 1304 3418 Ro-

100 3460 173 3511 ”lano
179 3474 261 3528 papa
273 3464 304 3514 et
316 3462 481 3527 iquorante
492 3463 678 3516 Antiocheno
686 3464 836 3528 praesule
847 3469 867 3516 a
880 3463 1002 3515 nemine
1014 3462 1299 3527 debeamjudtcari.

20 3549 23 3551 ’
105 3547 266 3614 umentem
279 3562 333 3614 isti
345 3575 420 3628 quas
432 3562 538 3614 abesse
554 3563 655 3629 cupio,
682 3562 876 3628 Theophilus,
898 3562 1085 3627 quidudum
1104 3562 1140 3614 in
1163 3564 1301 3629 quadarn

10 3637 13 3639 ’
106 3652 205 3713 butaro
214 3674 274 3712 sua
287 3660 368 3712 mibi
379 3661 476 3713 missa
489 3663 667 3714 eaecranda
682 3661 715 3713 in
728 3675 776 3714 mc
787 3662 906 3715 locutus
919 3664 965 3714 est
976 3661 1079 3727 verba,
1093 3662 1148 3728 qui
1167 3664 1196 3714 et
1208 3662 1303 3727 prius

10 3774 31 3873 l·
107 3746 287 3812 texandriae
308 3772 347 3812 uc
359 3762 433 3826 post
446 3761 557 3824 Lyciae
565 3761 687 3826 positus
708 3762 791 3813 dr'ait
805 3775 812 3811 :
828 3761 931 3813 «Vada
955 3761 1254 3826 Constantinopolim
1265 3761 1304 3813 de

10 3854 20 3935 f
61 3849 89 3904 bb
103 3855 242 3910 incubatio
255 3858 409 3924 deponere
420 3858 603 3923 Jobannem,
620 3877 629 3907 i
644 3862 675 3912 et
685 3860 860 3927 Acbatium,
874 3859 929 3926 qui
940 3860 1025 3912 dicit
1038 3878 1046 3914 .-
1061 3878 1071 3908 r
1087 3861 1146 3927 Epo
1169 3860 1221 3913 illi
1227 3873 1300 3928 pro·

96 3947 433 4012 pinaboanmrusimam
442 3959 601 4024 potionem
616 3976 637 4011 l.
663 3960 722 4017 Qui
741 3961 837 4012 etiam
858 3962 931 4012 ante
948 3959 1143 4013 audientiam
1166 3960 1300 4014 inimici·

97 4047 158 4102 tiam
167 4066 196 4106 se
205 4054 284 4107 mihi
290 4059 512 4123 praestaturos
524 4070 589 4110 csse
600 4058 715 4110 minati
723 4060 806 4119 sunt,
815 4058 890 4124 quid
902 4057 1007 4111 acturi
1018 4060 1093 4110 sunt
1107 4058 1137 4110 st
1148 4057 1302 4124 affuerint

93 4147 482 4214 injudicandotlleSeoero
504 4158 609 4208 uectem
629 4159 658 4208 et
679 4155 826 4210 Atiliocllo
848 4155 923 4223 quid
941 4156 1063 4221 dicam;
1082 4169 1156 4223 quos
1174 4156 1235 4210 cito
1253 4157 1301 4210 de·

85 4255 174 4306 struet
186 4255 326 4307 divinum
332 4255 492 4319 judicium
503 4256 515 4308 t
526 4257 558 4309 Si
570 4256 604 4308 bi
624 4259 773 4322 quattuor
789 4258 1022 4321 sequestrentur
1039 4269 1058 4308 a
1080 4256 1206 4322 synodo,
1219 4260 1302 4309 certe

30 4358 64 4413 Ab
80 4352 171 4406 libens
183 4355 303 4407 veniam
315 4355 359 4407 ad
371 4357 506 4407 uestram
518 4356 693 4422 caritatem,
706 4356 760 4408 scol
771 4358 802 4408 et
819 4357 861 4408 ad
880 4367 1000 4408 omnem
1022 4356 1183 4408 collectam
1205 4355 1301 4408 totius

75 4453 185 4506 mundi
192 4471 199 4518 3
211 4454 503 4518 seojustosjudices
513 4457 590 4522 uolo,
605 4456 799 4509 incusatores
814 4467 895 4508 meos
908 4454 1023 4507 audire
1042 4456 1123 4507 nole.
1137 4454 1257 4507 Etenim
1270 4454 1300 4506 si

71 4553 207 4607 uenirem
219 4554 299 4606 illuc
310 4556 340 4606 et
352 4554 395 4607 ibi
403 4558 587 4620 praesentes
599 4559 710 4623 esseest,
724 4557 822 4609 mietio
835 4557 911 4621 plus
930 4567 1024 4620 quam
1044 4554 1131 4608 doleo
1152 4554 1298 4621 dolerem,
