3076 5498
137 323 201 390 160
478 339 604 390 carun.
623 339 727 389 cono.
746 337 922 389 morcon.
940 337 1024 388 uer.

134 521 244 562 cursum
258 508 384 561 nonnulli
404 509 433 560 in
455 508 569 561 marinis
589 508 719 574 periculis
739 507 843 573 experti
857 508 967 560 inerant
987 505 1138 571 praesentis
1158 503 1281 556 interitus
1292 501 1348 555 eiiu-

133 609 217 674 gium.
226 606 302 672 Quod
314 620 377 659 cum
390 606 512 659 audisset
523 607 689 660 reverendus
698 620 800 672 comes,
810 611 933 660 sanctum
944 603 1051 658 bomini
1064 605 1249 657 consessorem
1267 603 1347 655 llicbo·

134 707 207 760 laum
220 706 341 774 flagitare
359 706 449 772 coepit
468 711 499 758 ut
510 706 567 759 suis
580 706 681 759 sanctis
694 707 821 772 precibus
833 707 858 758 ei
871 706 1008 759 obtineret
1021 718 1036 757 a
1056 705 1171 758 domino
1185 702 1343 769 tranquillum
1379 712 1382 731 ⁵

134 811 160 858 et
172 806 317 858 salutarem
339 811 446 871 portum
461 818 467 853 :
481 806 598 872 Sancte,
613 807 751 871 inquiens,
764 804 923 872 Nicboioe,
931 805 988 872 pie
1008 805 1160 870 eipastor
1176 802 1258 867 bone,
1272 813 1344 868 quen

133 904 167 956 in
188 903 303 957 talibus
322 903 600 957 necessitudinibus
618 905 709 970 pium
738 903 954 957 subventorem
975 902 1165 969 audicimus,
1182 913 1244 968 pro
1271 890 1382 995 nobili

131 1015 230 1055 encra
249 1001 421 1056 Dominum.
435 1002 494 1060 oui
513 1003 543 1054 si
559 1001 640 1056 mini
650 1005 708 1055 tuo
722 1002 944 1057 intercessione
955 1004 1097 1068 optatum
1104 1002 1235 1067 portum
1246 1009 1341 1052 conen·
1378 1024 1382 1080 3

130 1101 217 1164 serit,
229 1113 303 1152 mooe
315 1102 349 1151 ut
360 1100 402 1152 ud
416 1100 540 1152 minum
548 1102 717 1166 propriam
739 1100 904 1167 urbemque
915 1099 1006 1167 fuero
1022 1111 1195 1166 repressus,
1209 1098 1338 1151 monaste·
1377 1098 1382 1185 j

130 1199 216 1252 rium
236 1197 294 1253 tibi
312 1201 501 1264 construam,
516 1199 551 1251 in
571 1213 630 1265 quo
653 1201 712 1252 Deo
736 1200 851 1266 tibique
871 1199 1042 1253 servientes
1063 1199 1201 1252 mittam.
1224 1200 1289 1250 llaec
1305 1195 1339 1247 ubi
1379 1192 1382 1239 ἐ

132 1297 277 1364 peroravit,
292 1298 355 1350 ilico
376 1296 429 1350 iida
449 1298 517 1350 redit
538 1298 731 1364 tranquillitas,
746 1299 861 1351 nubium
882 1303 1087 1364 ventorumque
1104 1309 1215 1352 necnon
1236 1295 1341 1348 imbrium

133 1396 256 1449 discussa
274 1395 400 1463 caligine.
414 1397 529 1449 obtento
551 1397 633 1464 igitur
653 1410 793 1464 prospero,
807 1403 838 1451 ut
858 1399 917 1464 ipse
936 1398 1056 1464 optabat,
1070 1410 1166 1462 cursu,
1185 1396 1219 1450 ad
1241 1399 1341 1448 sancum

135 1494 242 1548 bomini
261 1495 421 1560 ierusalem,
435 1509 489 1561 quo
506 1495 644 1560 tendebat,
658 1496 728 1548 felici
750 1497 872 1563 pervenit
892 1497 1009 1564 navigio.
1023 1496 1143 1549 Peractis
1164 1495 1248 1562 igitur
1258 1492 1342 1547 devotis

135 1601 215 1661 prout
231 1595 318 1661 potuit
328 1595 498 1648 orationibus
510 1608 560 1661 per
571 1601 664 1648 sancta
677 1596 734 1649 loca
747 1596 776 1648 in
788 1597 888 1663 quibus
899 1597 1031 1649 Dominus
1042 1599 1121 1649 iesus
1133 1596 1254 1649 christus
1265 1605 1342 1647 secun·

134 1693 199 1747 dum
211 1707 321 1747 carnem
333 1706 395 1747 cum
414 1694 571 1747 hominibus
591 1700 634 1747 est
656 1701 848 1761 conversatus,
861 1695 895 1748 ad
916 1696 1013 1748 urbem
1026 1695 1200 1764 Andegavam
1212 1703 1340 1762 regressus,

136 1793 219 1845 hicio
240 1793 344 1846 bonore
364 1793 450 1845 sancti
470 1793 590 1846 llicitolai
612 1794 809 1847 monasterium
830 1793 1048 1861 fundavitatque
1068 1794 1097 1846 in
1118 1794 1190 1860 ipso,
1202 1797 1233 1846 nt
1250 1788 1341 1858 praelati

136 1904 241 1955 sumus,
252 1891 288 1943 de
300 1891 401 1943 sanctis
413 1891 575 1957 supradictis
587 1892 712 1958 reliquiis
724 1893 877 1958 portionem
890 1893 1028 1959 quandam
1046 1892 1241 1946 venerabiliter
1261 1887 1341 1958 posuit,

136 1988 297 2056 praeficiens
309 1991 368 2043 loco
381 1989 507 2042 abbatem
520 1990 631 2043 nomine
644 1990 808 2053 baldricum,
823 1991 870 2057 qui
884 1991 1056 2056 postmodum
1077 1992 1161 2044 vitam
1180 1990 1280 2058 eligens
1295 1986 1341 2040 soi·

134 2089 242 2153 tariam,
254 2088 319 2141 inde
331 2085 443 2141 secessit
457 2089 485 2139 in
497 2101 629 2142 eremum.
643 2092 700 2143 lion
714 2090 800 2143 multo
813 2096 872 2155 post
885 2089 1023 2156 praelatus
1034 2103 1137 2157 comes,
1152 2090 1188 2144 ad
1199 2090 1342 2143 destinatur
1378 2096 1382 2183 ἱ

136 2187 219 2241 tinem
231 2189 419 2254 propinquans
432 2192 513 2254 atque
526 2201 573 2240 sua
584 2188 699 2241 omnino
711 2189 804 2242 delere
814 2191 973 2255 peccamina
986 2189 1253 2255 volens,1erusalem
1265 2190 1342 2241 iterun
1378 2188 1382 2249 ιζ

136 2287 220 2351 petiit.
235 2287 284 2351 Qui
300 2300 361 2339 cum
375 2287 439 2339 inde
451 2285 561 2350 rediret,
576 2286 605 2337 in
620 2287 678 2352 ipso
691 2292 801 2340 sanctae
813 2287 1043 2355 peregrinationis
1054 2287 1147 2341 officio
1158 2287 1249 2341 adbuc
1261 2284 1342 2352 positu
1377 2258 1382 2343 1

44 2386 50 2398 “
68 2426 75 2441 .
134 2384 279 2438 defunctus
292 2391 342 2449 est,
353 2390 434 2451 atque
443 2384 477 2437 ad
487 2365 611 2436 sanctum
622 2386 787 2451 sepulcrum,
796 2386 924 2451 belliloci,
939 2386 968 2439 in
981 2387 1207 2452 monasterium',
1220 2383 1288 2453 quod
1299 2346 1382 2455 1111Ᾰῆ

136 2483 245 2550 proprio
256 2489 366 2550 sumptu
378 2489 576 2548 construxerat,
590 2485 739 2537 tumulatus
751 2490 800 2538 est.

168 2582 200 2634 8.
218 2585 275 2647 Quo
288 2582 427 2646 deiuncto,
441 2584 572 2636 successit
584 2585 612 2634 in
626 2584 756 2635 comitatu
774 2582 911 2637 Goilridus
930 2583 1002 2636 iilius
1014 2585 1074 2649 ejus
1088 2597 1139 2649 pro
1152 2596 1197 2637 co.
1211 2582 1263 2648 Qui
1274 2580 1341 2634 nihilo

136 2681 227 2734 minus
238 2694 321 2748 quam
334 2686 410 2747 pater
421 2694 487 2734 suns
500 2686 634 2747 nostrum,
646 2688 677 2735 ut
697 2695 741 2735 res
758 2687 852 2748 postea
869 2684 1012 2748 probavit,
1035 2683 1132 2736 dilexit
1154 2681 1342 2742 monasterium,

136 2793 198 2833 cum
221 2785 249 2833 et
272 2781 361 2846 ipsum
385 2781 414 2832 in
438 2780 491 2832 vita
515 2793 564 2832 sua
587 2780 621 2833 de
645 2781 703 2833 suis
721 2780 855 2834 reditibus
881 2782 1080 2850 augmentavit,
1109 2787 1137 2835 et
1154 2782 1190 2836 ad
1213 2786 1344 2836 exuerim
1376 2760 1382 2829 ἐ

138 2879 303 2944 perveniens
325 2878 410 2940 diem,
431 2884 492 2945 post
512 2890 605 2931 veram
630 2879 721 2932 cordis
741 2885 767 2932 et
784 2881 840 2934 oris
860 2880 1064 2935 confessionem
1076 2881 1112 2934 de
1131 2882 1256 2948 principe
1272 2882 1346 2933 nutet

140 2977 292 3030 monachus
316 2977 411 3042 lactus,
432 2977 462 3029 in
484 2978 535 3029 noc
556 2977 616 3030 loco
628 2978 662 3042 (1)
679 2979 794 3044 quiescit
811 2979 949 3033 humatus
969 2980 1019 3043 Qui
1038 2993 1102 3033 cum
1127 2981 1236 3049 magnis
1254 2976 1346 3033 militiu
1378 2976 1382 3019 l

139 3075 249 3129 iloreret
268 3076 383 3139 actibus,
399 3076 541 3128 ilainricus
561 3075 736 3129 alemanniae
755 3077 925 3144 imperator,
946 3079 981 3132 ob
1003 3078 1176 3145 praeclaram
1197 3074 1347 3134 strenuitatis
1378 3066 1382 3121 *T

139 3175 199 3240 ejus
209 3176 309 3227 tamam
320 3180 348 3226 et
359 3174 469 3227 servitia
481 3174 565 3226 multa
577 3174 610 3226 ab
623 3187 656 3227 eo
668 3175 719 3226 sibi
732 3176 846 3228 noneste
858 3177 993 3243 impensa,
1006 3179 1079 3231 inter
1091 3179 1146 3233 alia
1163 3192 1279 3234 munera
1289 3173 1348 3229 dedii
1379 3164 1382 3241 i

140 3275 165 3327 ei
177 3273 325 3341 aliquando
338 3273 489 3339 portionem
502 3285 585 3325 unam
598 3272 633 3325 de
645 3273 756 3338 praelati
768 3274 841 3327 beati
855 3281 882 3328 et
892 3275 1005 3343 gloriosi
1017 3277 1141 3331 nicholai
1155 3278 1286 3345 reliquiis.
1294 3278 1349 3339 Quas
1359 3252 1382 3433 A

139 3385 232 3427 comes
245 3386 306 3426 cum
319 3372 418 3440 gaudio
431 3373 548 3425 maximo
557 3377 583 3424 et
596 3373 700 3426 bonore
711 3375 906 3441 complectens,
920 3377 1073 3430 venerabili
1089 3378 1202 3431 cuidam
1220 3379 1295 3432 istius
1309 3371 1350 3428 loci

141 3474 242 3541 abbati,
256 3474 367 3527 nomine
378 3471 503 3539 Arraldo,
520 3471 555 3524 de
567 3473 607 3524 eis
619 3477 722 3538 partem
740 3472 824 3526 dedit.
837 3476 871 3526 At
882 3475 930 3528 ille
941 3488 1004 3529 cum
1017 3478 1200 3542 processione
1214 3485 1242 3531 et
1253 3485 1350 3531 uenera-
1380 3462 1382 3467 ’

141 3573 215 3626 tione
225 3585 281 3626 non
294 3571 400 3626 modica
412 3571 446 3623 ab
459 3571 517 3636 ipsa
529 3571 636 3624 comitis
647 3571 708 3624 aula
721 3572 755 3625 ad
768 3573 820 3626 hoc
832 3587 920 3641 usque
931 3575 1036 3628 debias
1049 3576 1228 3644 coenobium,
1239 3576 1356 3643 condigne

141 3671 234 3724 innoc
247 3671 307 3724 loco
320 3670 439 3736 reposuit
451 3669 485 3721 ad
499 3668 607 3722 landem
618 3675 645 3723 et
657 3670 770 3738 gloriam
784 3673 905 3725 nominis
922 3673 1024 3726 Christi
1037 3687 1150 3728 necnon
1162 3675 1199 3729 ad
1220 3673 1359 3730 veneratio·

141 3783 205 3824 nem
218 3771 303 3824 sancti
322 3769 486 3824 confessoris
505 3769 634 3822 llicnolai.
655 3772 693 3822 lix
711 3776 776 3824 tunc
794 3771 876 3838 huius
892 3770 946 3825 diei
965 3772 1102 3829 institutio
1119 3777 1254 3829 anmtris
1267 3773 1363 3842 praede·

141 3870 308 3936 sessoribus,
328 3874 359 3922 ut
379 3869 490 3933 praelati
512 3881 615 3933 sumus,
637 3869 823 3923 translationis
845 3883 947 3925 nomen
968 3873 1085 3938 accepit,
1106 3886 1175 3942 quo,
1199 3875 1273 3929 sicut
1293 3866 1382 3940 supral

141 3968 270 4035 diximus,
284 3968 370 4020 sancti
378 3967 498 4020 dicbolai
508 3967 552 4019 liic
562 3970 627 4018 sunt
638 3967 770 4034 reliquiae
783 3969 950 4024 reconditae.
965 3972 996 4023 ln
1008 3984 1065 4038 quo
1077 3972 1173 4027 divina
1186 3973 1226 4028 ita
1238 3973 1370 4029 convaluit

141 4068 237 4134 gratia,
250 4072 280 4120 ut
291 4068 360 4119 mira
371 4078 483 4119 suorum
496 4066 573 4132 signa
584 4078 709 4131 operum,
723 4081 793 4134 quae
812 4069 915 4136 ubique
932 4070 967 4122 ad
985 4070 1182 4127 excellentiam
1201 4076 1324 4129 nominis
1335 4072 1372 4127 sai

142 4178 191 4232 per
203 4179 264 4219 eum
278 4165 410 4217 Dominus
420 4169 559 4229 operatur,
572 4167 707 4217 testentur
717 4178 780 4217 eum
789 4165 881 4219 vivere
892 4167 976 4220 etiam
987 4175 1049 4235 post
1062 4171 1237 4236 sepulcrum.
1252 4177 1291 4228 be
1303 4174 1376 4241 euius

141 4277 272 4331 generosa
285 4261 436 4316 secundum
450 4261 551 4314 saeculi
563 4261 723 4328 dignitatem
735 4265 894 4333 genealogia
907 4266 951 4318 nic
963 4265 1047 4320 modo
1059 4273 1200 4335 tacentes,
1213 4272 1252 4326 ad
1264 4287 1297 4328 ea
1312 4284 1379 4341 quac

142 4377 191 4430 per
204 4362 293 4430 ipsum
306 4361 407 4416 nostris
419 4360 589 4426 temporibus
601 4365 675 4428 gesta
688 4368 752 4414 sunt
768 4363 944 4430 accingamur
962 4367 1112 4434 narranda,
1132 4383 1209 4438 quae
1226 4379 1308 4442 grata
1320 4377 1381 4428 sunt

173 4556 208 4622 (1)
225 4557 273 4609 llic
282 4557 338 4621 jam
352 4555 440 4622 pergit
451 4553 513 4607 cod.
527 4554 618 4606 ltdll.
