3076 5498
252 298 319 364 354
596 309 723 360 curun.
743 308 845 358 cono.
866 309 1041 360 arcican.
1060 310 1141 361 mr.

351 481 416 556 52⁰
442 479 525 556 Vita
555 478 660 556 beati
698 477 836 555 Albani
868 479 1063 580 martyris,
1100 479 1208 581 apud
1242 481 1491 582 Maguntium

401 602 651 703 metropolim
666 601 843 700 jacentis,
865 605 975 702 cujus
1001 602 1127 680 natale
1145 602 1345 683 recolitur
1361 606 1493 684 kalen-

401 727 462 803 dis
480 724 702 804 decembris
716 724 793 821 (iol.
813 723 1031 825 198i-199V).

282 861 382 914 iiadem
397 860 510 921 scilicet,
525 856 573 911 sed
586 857 649 910 stilo
672 856 813 923 paulutum
832 856 950 925 diverso,
965 871 1027 911 cum
1047 859 1104 912 vita
1119 859 1163 914 ed.
1185 872 1220 912 ex
1233 860 1340 915 codice
1353 862 1491 929 quondam

252 961 371 1014 Tbomae
384 957 505 1025 Philipps
517 960 576 1021 545,
587 971 662 1011 nunc
673 957 854 1010 Bibliothecae
864 958 954 1025 regiae
964 958 1158 1026 Bmxeiiensis,
1172 959 1240 1014 Cat.
1252 962 1381 1021 Bntae..
1392 969 1455 1016 tom.
1466 964 1494 1021 ΙΙ,

250 1076 278 1127 p.
293 1060 391 1113 iii-itti
401 1076 408 1124 ;
418 1058 465 1112 ubi
480 1063 572 1111 tamen
586 1057 688 1110 desunt
700 1057 830 1124 prologus
842 1063 870 1110 ct
887 1057 1019 1122 clausula,
1038 1071 1110 1125 quae
1120 1059 1165 1112 bic
1176 1072 1212 1113 ex
1230 1060 1339 1114 codice
1353 1062 1495 1116 barisiensi

249 1159 409 1212 subicimus.

281 1259 360 1313 Solet
382 1256 498 1311 animis
513 1256 642 1322 placere
664 1253 810 1321 fidelibus
832 1257 1013 1308 sauctorum
1033 1254 1147 1309 merita
1167 1255 1284 1322 dipnis
1303 1259 1495 1326 praedicare

242 1348 426 1427 praeconiis
442 1359 474 1409 et
490 1354 534 1407 ibi
550 1353 721 1407 deuotionis
734 1353 830 1420 ripere
841 1353 1031 1407 desiderium
1043 1353 1097 1408 ubi
1107 1357 1265 1422 consequi
1277 1359 1418 1412 ualeant
1430 1371 1496 1411 san·

249 1457 369 1514 utitatis
378 1456 591 1522 aucmentum.
601 1452 694 1507 Notis
706 1453 806 1520 ipitur
814 1456 850 1506 ut
859 1454 1001 1521 quietum
1007 1454 1184 1521 penitense
1191 1455 1354 1511 studium
1363 1461 1395 1511 et
1406 1461 1495 1512 atten-

248 1560 314 1611 tum
332 1556 505 1619 sitentium,
518 1554 632 1607 Albani
644 1553 708 1606 vita
721 1553 914 1620 proponitur
924 1553 1153 1622 prosequenda,
1166 1553 1208 1607 de
1225 1556 1330 1622 cipue
1348 1557 1495 1624 exemplis

248 1657 414 1722 tuatmtcta,
427 1655 517 1721 citius
525 1653 700 1721 praesidiis
712 1653 858 1706 animata
867 1665 954 1706 mura
963 1655 1083 1720 nostra,
1092 1665 1149 1706 nec
1160 1653 1201 1706 de
1214 1654 1352 1709 viribus
1358 1656 1496 1725 propriis

248 1770 304 1811 nec
321 1756 359 1810 de
377 1754 543 1809 clementia
561 1753 681 1806 audeat
697 1752 841 1820 diffidere
858 1753 1081 1820 Redemptorr's.
1102 1754 1204 1813 Qum
1224 1756 1365 1822 quidem
1383 1757 1422 1811 ab
1437 1757 1495 1810 atio

247 1856 364 1911 riostris
383 1853 571 1923 temporibus
591 1853 757 1918 tusipm'ter
777 1854 937 1920 eloquente
956 1852 1108 1920 dipestam
1129 1856 1161 1906 et
1178 1853 1365 1912 rhetoricis
1385 1856 1496 1924 tepebat

248 1955 393 2010 nouimus
411 1952 606 2020 insrpnitam,
621 1952 668 2004 ita
682 1954 717 2004 ut
728 1954 860 2018 propter
872 1952 1034 2006 insolitum
1051 1954 1204 2007 ornatum
1225 1954 1370 2022 linquae
1381 1956 1493 2011 cointii

247 2053 345 2108 tantia
363 2053 430 2119 ipse
449 2051 534 2105 nitor
553 2049 672 2116 eloquit
685 2047 910 2116 praeferretur
929 2050 1083 2104 materiae
1103 2049 1272 2119 dipnitati,
1297 2055 1409 2123 Hujus
1430 2066 1493 2108 tero

244 2153 349 2208 nostri
360 2151 483 2205 itineris
494 2151 548 2203 tlte
556 2148 726 2203 naeretitur
735 2149 847 2203 ductor
856 2149 993 2203 existere
1000 2150 1057 2216 put
1066 2150 1159 2217 quasi
1170 2153 1252 2205 aute
1259 2149 1389 2220 facienti
1399 2166 1490 2208 aueum

244 2251 442 2306 narrationis
461 2262 547 2302 meae
564 2248 651 2301 cr‘sus
667 2251 713 2301 est
729 2248 928 2316 superficiem
936 2249 1139 2315 percurrisse
1154 2250 1186 2302 et
1198 2250 1241 2305 de
1253 2264 1396 2306 suorum
1408 2252 1488 2319 copia

244 2349 435 2405 emmerame
463 2347 671 2401 dictaminum
699 2349 842 2399 nostrum
864 2346 1020 2414 supplebit
1042 2346 1200 2401 emunctio
1224 2350 1486 2416 arpumentativa

245 2446 409 2517 defectum.
427 2448 476 2501 Itu
491 2446 575 2501 enirn
587 2458 713 2513 pauper
724 2445 819 2498 editio
832 2446 1181 2513 nonpottuerepoterit,
1201 2447 1262 2501 aed
1269 2451 1412 2516 poliere,
1424 2453 1452 2503 et
1465 2448 1491 2501 si

248 2548 392 2615 aliquam
410 2544 521 2598 babeat
542 2544 596 2599 cui
614 2544 774 2597 innitatur
790 2542 953 2610 oripinerm
972 2543 1063 2609 cujus
1081 2542 1272 2600 disserendo
1290 2560 1361 2601 uon
1377 2545 1492 2602 deterat

245 2644 418 2698 ueritatem.

278 2825 340 2878 iste
360 2826 407 2877 est
424 2823 561 2876 Albanus
579 2822 642 2889 qui,
662 2825 697 2874 ut
710 2825 797 2876 certa
808 2824 997 2877 narratione
1007 2821 1190 2890 didicimus,
1206 2822 1244 2876 in
1256 2824 1424 2893 trepuntio
1434 2834 1488 2876 me·

246 2923 361 2990 tropoli
381 2924 569 2987 tumulatus,
590 2921 773 2975 animarum
793 2921 908 2976 nzorbir
928 2921 1071 2975 medetur
1087 2923 1118 2976 et
1137 2934 1338 3009 corporumb
1350 2927 1397 2979 ita
1416 2928 1448 2977 ut
1461 2924 1489 2976 ei
1529 2938 1532 2951 ·

246 3022 434 3077 amnesticae
454 3022 596 3076 ciuitates
613 3022 825 3075 reverentiam
844 3023 987 3076 deuotam
1007 3021 1174 3076 reniteant
1193 3025 1227 3076 et
1245 3024 1488 3094 tortpinquarurn

245 3122 407 3189 repicnum
424 3121 467 3174 ad
480 3133 551 3174 eam
569 3121 739 3175 multitudo
756 3123 934 3176 concurrat.
946 3122 1049 3188 ipitur
1059 3122 1134 3175 Jesu
1150 3120 1282 3179 Christo
1297 3122 1491 3192 muanpuri

244 3223 352 3275 nostro
362 3220 405 3273 sit
417 3219 516 3273 honor
527 3224 558 3274 et
566 3221 672 3288 ptoria
683 3222 716 3275 in
728 3222 856 3276 saecula
868 3223 1077 3276 saeculorum.
1091 3221 1199 3276 Amen.

716 3414 1011 3432 w

439 3627 602 3717 ucovi.
626 3626 753 3715 codex
773 3627 963 3737 signatus
984 3654 1098 3718 num.
1126 3628 1290 3724 16736.

279 3838 348 3891 Olim
360 3839 451 3891 Sancti
464 3839 570 3891 Martini
584 3838 718 3905 acampis
732 3840 783 3892 iu.

278 3937 413 3990 Foliorum
432 3939 618 4003 tatianorum
640 3939 689 3989 1⁰⁰¹
708 3942 735 3991 et
753 3941 803 3990 tm
826 3938 922 3991 mutila
941 3941 1026 4005 sunt),
1039 3940 1104 4006 maj.
1116 3940 1341 4015 (0¹‚⁴5><⁰‚³2)‚
1354 3944 1480 4003 columnis

245 4034 328 4102 binis,
342 4042 469 4088 exaratus
483 4047 555 4089 saec.
570 4038 624 4087 xii.
1016 4028 1022 4041 '

276 4132 377 4187 Eadem
398 4136 512 4187 omnino
530 4134 696 4187 documenta
718 4135 842 4188 continet
859 4136 979 4201 (praeter
999 4134 1054 4187 duo
1076 4133 1175 4188 ultima
1197 4151 1276 4205 quae
1300 4142 1349 4198 nio
1370 4141 1478 4205 desunt),

244 4234 340 4287 codem
353 4233 450 4287 ordine
471 4234 602 4299 disposita
623 4239 660 4296 et,
680 4232 829 4286 admodum
853 4234 948 4300 paucis
968 4234 1140 4300 aliquantum
1160 4238 1370 4310 variantibus,
1387 4242 1478 4296 eisdem

246 4333 331 4386 titulis
345 4333 483 4400 insignita,
496 4344 567 4399 quac
576 4331 638 4385 cod.
651 4333 718 4385 5319
727 4333 829 4398 (supra,
841 4337 908 4385 tom.
921 4334 954 4399 ii,
965 4346 994 4399 p.
1006 4334 1051 4386 ibt
1062 4334 1145 4399 suoi.
1159 4335 1260 4404 itaque
1272 4352 1311 4395 ea
1324 4338 1476 4409 compendit

187 4457 189 4461 ·
247 4433 416 4485 recensuisse
428 4432 493 4484 satis
505 4432 566 4483 erit.

345 4533 383 4606 i⁰
410 4531 492 4608 Vita
510 4529 632 4607 sancti
652 4529 783 4608 Basilii
802 4529 880 4630 pol.
904 4530 1025 4631 iiii).
