3082 5498
454 322 548 371 arec.
576 321 659 371 nur.
688 322 802 371 runis.
834 342 868 353 —
898 321 1071 371 supensu.
1098 322 1123 369 r.
1328 300 1394 387 547

160 483 308 553 affligite.
321 488 437 540 Sanctus
454 478 623 549 Ambrosius,
641 504 703 543 cum
721 489 891 555 caederetur,
911 490 1045 541 clamabat
1060 488 1093 540 ad
1112 486 1256 539 bouriuum
1275 484 1391 551 diceusgz

160 585 290 650 Adjnoo
300 599 359 653 me,
371 588 498 640 Domine
511 590 598 651 Dens,
606 591 765 642 ettalonm
778 602 824 641 me
833 586 886 656 fac
891 592 1023 655 propter
1035 585 1287 639 miscricordiam
1296 586 1393 636 tuom.

160 686 297 737 Datianus
314 687 405 752 itaque
423 688 462 738 ira
484 700 644 755 succensus,
655 689 736 754 y'ussit
757 693 881 740 sanctum
902 685 1076 740 Ambrosium
1098 683 1133 737 dc
1146 689 1245 737 catasta
1260 683 1353 743 levari,
1368 688 1395 733 et

161 796 229 837 eum
244 784 355 838 nodosis
368 786 490 853 corrigiis
511 786 597 853 caedi,
611 787 706 839 diceus
720 803 726 837 ε
739 786 891 853 Sacrifica
908 785 981 837 diis.
995 787 1110 837 Sanctus
1128 783 1285 836 Ambrosius
1303 781 1372 835 dixit
1385 795 1394 831 r

133 885 142 934 t
159 883 228 950 Epo
241 885 392 951 trteipsnm
409 884 505 951 offero
521 885 716 952 sacrificinm
727 886 787 939 Deo
801 886 835 937 in
847 886 971 939 odorem
983 884 1163 938 tenacitatis.
1179 883 1305 934 balianus
1325 893 1394 933 vero

162 986 239 1037 ultra
253 984 365 1036 modum
389 984 559 1044 infrendens,
571 986 654 1050 jussit
669 999 732 1037 eum
754 986 783 1036 ln
804 985 921 1051 equuleo
943 984 1027 1037 levari
1047 990 1074 1036 et
1092 983 1221 1049 torqueri.
1234 983 1265 1033 Et
1276 994 1338 1032 cum
1350 979 1398 1032 diu

163 1090 351 1150 torqueretur,
366 1085 520 1137 clamabat:
537 1084 656 1137 Christe
667 1086 756 1150 Deice,
771 1085 889 1149 adjuvo
902 1097 959 1137 me.
974 1084 1072 1136 t'idens
1084 1096 1149 1135 vero
1163 1082 1290 1133 Datianus
1303 1077 1395 1145 populi

164 1182 370 1235 multitudinem
384 1181 418 1233 ad
432 1183 616 1247 spectaculum
631 1183 804 1247 convenisse,
815 1182 898 1247 y'usslt
910 1187 1034 1233 sanctum
1049 1181 1221 1233 Ambrosium
1233 1179 1268 1231 de
1280 1177 1397 1244 equuleo
1476 1234 1479 1241 ,

162 1282 268 1347 deponi
290 1286 317 1333 et
337 1282 365 1332 ln
382 1294 520 1333 carcerem
543 1283 625 1346 trudi,
648 1281 782 1334 mandans
803 1282 911 1334 rtuidam
935 1281 1050 1347 principi
1072 1293 1122 1333 suo
1143 1279 1216 1346 quod
1239 1278 1397 1358 frequenter

133 1386 147 1435 b
165 1386 317 1446 martyrem
330 1380 428 1432 Christi
444 1387 577 1445 moneret,
590 1388 621 1432 ut
631 1381 664 1432 ad
677 1381 810 1433 culturam
824 1380 986 1446 perduceret
997 1379 1142 1433 idolorum.
1186 1370 1195 1398 '

201 1482 234 1532 4.
248 1479 401 1531 Transactis
412 1485 503 1532 autem
516 1480 663 1546 aliquantis
674 1480 781 1543 diebus,
795 1480 895 1545 impius
914 1480 1042 1531 balianus
1060 1479 1122 1531 fecit
1142 1482 1265 1531 sanctum
1284 1475 1396 1528 Ambro-

165 1581 242 1632 sium
259 1580 317 1631 suis
334 1579 392 1631 sisti
412 1580 613 1644 conspectibus,
627 1580 722 1632 (licens
739 1580 763 1632 ei
779 1595 785 1630 :
799 1579 898 1633 Miror
915 1579 954 1631 de
971 1581 1008 1646 te,
1021 1578 1171 1639 Amiroei,
1184 1577 1263 1644 qnod
1279 1574 1395 1644 famem

164 1680 349 1740 contemnis,
367 1679 471 1732 minoe
490 1681 624 1746 spernis,
633 1692 694 1746 pro
714 1679 814 1732 nitcito
833 1679 990 1746 supplicio
1011 1681 1138 1745 reputas
1159 1680 1188 1730 et
1207 1676 1314 1729 omnio
1334 1678 1394 1728 tor-

165 1780 274 1831 menta
285 1778 466 1831 contemnis.
479 1778 570 1832 Nunc
582 1777 688 1832 videbo
699 1777 728 1829 si
743 1776 884 1831 Christus
902 1780 972 1830 tuns
990 1790 1078 1843 quem
1095 1775 1170 1829 cotis
1182 1774 1343 1841 adiuvabit
1355 1776 1393 1827 tc.

133 1880 149 1933 5
165 1879 198 1931 ttt
210 1877 354 1929 confestim
367 1877 482 1929 laminas
493 1877 621 1930 ardentes
639 1877 778 1943 praecepit
793 1875 891 1929 afferre
909 1882 936 1929 et
954 1883 1049 1929 sancto
1066 1876 1174 1941 corpori
1184 1876 1266 1941 iussit
1283 1874 1392 1940 apponi,

165 1976 264 2030 dicens
276 1993 284 2031 t
298 1977 446 2043 Amiroei,
461 1991 558 2045 parce
570 1978 636 2042 tibi,
648 1981 678 2031 et
690 1978 817 2031 immoto
830 1978 902 2041 diis,
916 1978 1066 2045 quiajam
1081 1976 1138 2030 tibi
1155 1976 1296 2029 imminet
1308 1987 1392 2029 mors

160 2079 294 2142 parata.
307 2078 413 2130 Etcum
426 2085 537 2130 sanctus
548 2079 706 2131 Ambrosius
720 2080 791 2130 inter
804 2084 939 2130 tormenta
952 2091 1007 2130 non
1020 2082 1140 2129 cessaret
1152 2076 1197 2128 bel
1219 2074 1391 2140 omnipoten·
1425 2126 1429 2134 .

167 2176 231 2227 tiam
244 2176 409 2239 collaudare,
424 2178 509 2230 iratus
521 2178 621 2242 impius
641 2178 768 2230 Datianus
787 2178 849 2230 feeit
867 2179 957 2245 iguem
976 2178 1115 2243 copiosum
1134 2176 1245 2228 accendi
1264 2181 1291 2227 et
1310 2173 1392 2227 ollam

166 2287 280 2328 aeneam
294 2276 365 2333 oleo.
379 2278 438 2343 pice
449 2291 481 2329 ac
494 2279 584 2330 resina
597 2279 724 2331 refertam
741 2281 816 2344 juxta
836 2280 927 2345 ignem
944 2279 1019 2344 poni,
1033 2285 1060 2330 et
1078 2286 1201 2330 sanctum
1217 2277 1261 2329 bel
1280 2276 1392 2328 Ambro-

133 2372 240 2426 llsium
261 2375 289 2426 in
309 2388 369 2428 eam
387 2377 521 2444 immergi.
534 2379 648 2429 Sanctus
670 2382 761 2430 autem
783 2378 950 2442 Ambrosius,
964 2378 1105 2430 demersus
1127 2377 1155 2428 in
1176 2376 1268 2435 ollam,
1281 2374 1347 2427 dixit
1358 2370 1393 2425 ad

167 2474 312 2525 batianum
327 2490 334 2525 ε
352 2475 455 2542 Cerne,
468 2475 573 2539 ntiser,
586 2476 659 2541 quio
672 2480 826 2529 tormento
839 2479 894 2530 tna
905 2476 986 2529 nibil
998 2478 1081 2537 sunt,
1094 2478 1123 2529 et
1136 2474 1216 2527 mitti
1226 2488 1287 2527 non
1305 2472 1393 2526 orrio-

165 2582 244 2637 rem,
256 2573 311 2625 tert
321 2572 525 2640 refrigerium
531 2577 709 2641 praestant.
723 2578 754 2627 Et
766 2576 910 2627 confestim
924 2575 957 2628 de
973 2576 1027 2628 olla
1045 2588 1127 2627 sanus
1140 2579 1167 2627 et
1180 2574 1289 2629 illaesus
1302 2571 1393 2625 exivit.

200 2672 232 2724 5.
255 2673 331 2724 'func
353 2673 452 2738 impius
475 2674 603 2725 Datianus
627 2681 751 2727 sanctum
775 2676 948 2727 Ambrosium
975 2677 1079 2728 catenis
1103 2675 1199 2728 ferreis
1222 2674 1340 2725 uinctum
1364 2671 1392 2721 ln

166 2778 308 2818 carcerem
319 2767 388 2818 mitti
403 2768 551 2833 praecepit,
565 2774 592 2819 et
604 2769 730 2834 sequenti
744 2782 834 2835 mane,
848 2769 1024 2822 multitudine
1037 2769 1129 2835 populi
1147 2783 1177 2821 sc
1188 2768 1344 2831 comitante,
1358 2763 1393 2817 ad

133 2865 398 2931 bampuitneatrum
420 2872 512 2932 portae
535 2868 731 2934 sanguinariae
752 2870 909 2935 contiguum
931 2869 1006 2935 orgia
1030 2867 1085 2920 diis
1104 2868 1238 2920 libaturus
1260 2865 1391 2932 parvenit,

165 2965 267 3017 Christi
280 2972 423 3031 martyrem
438 2965 543 3018 nudum
554 2973 582 3018 et
594 2968 696 3021 catenis
708 2968 828 3020 vinetum
840 2969 935 3020 ferreis
947 2980 1040 3020 secum
1055 2968 1177 3018 trahens.
1188 2969 1310 3032 Cumque
1321 2966 1392 3016 inter

164 3068 310 3117 canantes
322 3070 348 3117 et
364 3065 512 3130 jubilantes
532 3067 564 3117 ad
587 3066 656 3119 duos
677 3081 765 3131 arcus,
780 3080 861 3132 super
882 3081 950 3133 quos
965 3066 1037 3119 idola
1058 3065 1190 3119 adorandi
1212 3078 1293 3118 causa
1307 3066 1392 3117 locata

163 3168 257 3224 erant,
279 3165 482 3227 convenissent,
500 3166 596 3218 Cirristl
619 3174 720 3232 martyr·
740 3168 908 3231 Ambrosius,
923 3167 1020 3219 erectis
1041 3167 1069 3217 in
1093 3166 1197 3218 (caelum
1219 3166 1346 3217 manibus
1366 3171 1393 3217 ct

161 3261 264 3321 oculis,
279 3259 362 3312 dixit:
379 3262 439 3314 itte
450 3262 505 3329 qm'
517 3267 562 3315 est
574 3275 633 3315 reas
648 3277 755 3329 repom
770 3268 800 3315 et
817 3266 891 3316 dens
909 3264 1035 3317 deorum
1054 3263 1195 3316 destructi
1213 3263 1298 3316 idolo
1320 3263 1390 3315 isto.

133 3360 143 3411 l
162 3362 198 3413 itt
210 3372 274 3412 mox
287 3360 359 3412 idola
372 3360 531 3414 cecideruut
542 3368 568 3413 et
579 3364 716 3415 conl'racta
730 3370 802 3415 sunt.
816 3366 892 3415 func
906 3365 1043 3427 balianus,
1063 3363 1251 3429 indignatione
1272 3361 1392 3414 simulet

159 3458 329 3513 confusione
341 3460 469 3528 repletus,
482 3461 549 3513 ‹lixlt
560 3463 593 3513 ad
605 3468 748 3529 martyrem
761 3470 791 3514 ut
804 3462 905 3515 idolum
917 3464 1040 3515 llercurii
1051 3462 1187 3515 allocaret.
1200 3464 1315 3515 Sanctus
1327 3473 1391 3514 vero

160 3558 328 3613 ambrosius
349 3560 452 3613 idolum
473 3561 502 3611 in
524 3561 650 3613 manibus
671 3563 807 3627 accipiens
827 3563 941 3628 projecit
951 3562 980 3613 in
993 3568 1103 3622 terram,
1117 3562 1210 3627 sicque
1222 3561 1391 3614 confractum

160 3665 208 3713 est
226 3660 391 3713 minutatim.
411 3661 539 3712 balianus
558 3668 658 3726 autem,
675 3662 797 3714 turbatus
816 3661 850 3714 dc
871 3662 923 3714 deo
944 3674 995 3714 suo
1015 3661 1163 3725 confracto,
1178 3669 1323 3727 martyrem
1346 3660 1390 3713 liei

158 3759 247 3826 jussit
258 3759 402 3824 exspoliari
412 3754 442 3811 'et
454 3761 482 3811 iu
492 3765 593 3813 catasta
606 3762 714 3813 extendi
725 3768 751 3814 et
763 3763 872 3814 carolis·
886 3763 982 3814 ferreis
994 3761 1082 3826 caedi,
1091 3761 1186 3814 diceus
1200 3778 1206 3813 :
1220 3762 1281 3828 Epo
1293 3760 1391 3813 cintii·
1451 3780 1459 3797 ·

133 3864 144 3912 t
160 3858 240 3914 cabo
254 3859 389 3922 injurias
402 3860 452 3913 dei
461 3861 533 3913 mei.

196 3956 229 4009 6.
251 3958 313 4008 Post
334 3958 401 4010 baec
416 3958 543 4010 balianus
559 3960 698 4010 caminum
716 3962 786 4013 ultra
805 3960 916 4013 modum
932 3960 1011 4027 jubet
1028 3959 1140 4013 accendi
1161 3965 1188 4012 et
1205 3966 1328 4011 sanctum
1346 3960 1392 4011 bel

160 4062 314 4123 martyrem
327 4057 455 4109 manibus
466 4063 493 4109 ct
505 4057 620 4123 pedibus
637 4059 723 4125 ligatis
738 4061 765 4111 in
777 4073 840 4111 eum
860 4060 939 4124 mitti,
953 4066 980 4111 et
992 4072 1008 4111 a
1024 4058 1199 4112 carnificibus
1211 4072 1226 4111 a
1239 4059 1393 4124 vespertina

160 4155 301 4221 usquead
315 4157 430 4221 primam
445 4157 539 4209 boram
553 4157 606 4209 diei
620 4157 692 4223 ligna
705 4160 917 4211 subministrari.
932 4160 1009 4210 llane
1027 4171 1090 4211 vero
1112 4159 1192 4217 facto,
1207 4159 1392 4210 l'erentinatcs

158 4254 197 4307 ad
210 4253 351 4306 caminum
364 4254 527 4307 accedentes
540 4256 662 4308 illaesum
683 4257 779 4308 curisti
802 4263 946 4323 martyrem
966 4257 1144 4310 invenerunt.
1158 4256 1278 4308 Tandem
1292 4256 1391 4320 impius

133 4360 141 4407 t
157 4353 293 4407 betianus
307 4360 413 4419 reperto
425 4354 549 4412 consilio,
564 4356 690 4407 manibus
703 4360 729 4407 et
743 4355 857 4421 pedibus
870 4356 958 4422 ligatis
970 4369 1032 4408 cum
1049 4357 1152 4422 ingenti
1166 4368 1232 4408 saxo
1245 4355 1278 4407 ad
1292 4355 1391 4407 collum

156 4452 246 4521 ligato
265 4451 293 4502 iu
314 4450 443 4503 dlubrum
465 4450 569 4505 fiumen
591 4454 763 4518 praecipitari
784 4454 893 4519 [jubctt.
907 4454 960 4506 sed
983 4454 1128 4507 confestim
1149 4453 1263 4519 angelus
1286 4453 1391 4505 bomini

151 4562 223 4603 eum
236 4548 350 4600 solvens
361 4562 377 4600 a
390 4549 507 4601 vinculis
520 4562 602 4614 super
613 4562 698 4616 aquas
710 4550 784 4602 duvii
802 4552 978 4616 gubernavit.
991 4551 1030 4602 Ad
1043 4551 1118 4617 quod
1136 4551 1298 4603 miraculum
1310 4556 1389 4615 quat·
