3076 5498
416 348 510 397 aran.
530 348 615 398 nar.
633 349 749 398 ranis.
770 369 815 378 -
831 347 909 396 con.
929 348 964 396 n.
984 347 1019 396 a.
1038 343 1113 394 ean.
1316 325 1383 395 513

147 522 176 569 et
189 529 303 570 carmen
316 517 390 571 des.
405 519 529 584 damino,
542 519 616 585 quod
629 520 682 572 inc.

426 618 560 671 Martini
570 631 680 685 morea
694 619 902 672 Martiniano
911 619 1041 685 pudica.

420 713 523 780 Stirpr
532 715 658 781 pectilia
672 718 750 784 erut,
766 716 863 781 stirps
874 727 1023 782 peramara
1037 717 1173 767 tamen...

248 803 291 881 40
318 803 529 904 [Lectiones
560 804 609 882 de
640 813 774 883 sancto
805 806 953 883 Thoma
990 801 1269 902 cantuariensi]
1298 801 1376 901 (fol.

300 927 349 1004 la
363 935 401 1005 et
419 927 489 1028 43).

177 1054 256 1116 Quae
270 1051 374 1104 scilicet
384 1051 504 1103 insertae
516 1054 596 1103 erant
608 1047 745 1102 breviario
758 1048 896 1115 descripto
909 1063 981 1102 saec.
995 1051 1057 1102 lllv.

260 1457 488 1550 DOGOXIX.
513 1459 640 1548 Codex
661 1462 852 1571 signatus
873 1461 925 1548 N.
950 1462 998 1549 A.
1021 1485 1134 1551 num.
1155 1461 1278 1550 2261.

178 1674 256 1726 Olim
270 1673 457 1727 cluniacensis
470 1678 510 1726 ll.
575 1670 576 1678 ’

179 1774 326 1827 Fotiomm
340 1777 395 1839 177,
409 1775 473 1841 mal.
485 1775 689 1841 (0³‚45><0‚28)‚
703 1775 838 1828 columnis
852 1774 934 1834 binis,
948 1779 1073 1826 exaratus
1086 1774 1124 1826 in.
1138 1787 1210 1827 saec.
1224 1775 1278 1826 llll.

256 1864 294 1940 l⁰.
320 1862 384 1964 [lle
402 1870 536 1943 sancto
556 1863 742 1964 Gregorio
760 1863 872 1965 papa]
889 1862 967 1956 tlol.
991 1864 1128 1963 lf-llsl.

182 1990 350 2054 Fragmenta
363 1988 494 2040 nonnulla
508 2001 540 2040 ex
552 1989 610 2040 Vita
623 1994 733 2041 auctore
746 1989 759 2037 J
763 2001 852 2040 oanne
864 1986 990 2040 diacono.

253 2076 294 2152 2⁰
320 2077 520 2179 Depositic
534 2078 669 2155 beatae
686 2078 900 2155 memoriae
914 2077 1148 2155 confessoris
1162 2082 1200 2154 et
1209 2077 1384 2178 episcopi

304 2200 499 2279 Ambrosii
519 2201 596 2301 (fol.
620 2185 812 2301 ill-llll.A

182 2324 286 2378 Ultima
300 2338 363 2390 pars
374 2325 457 2378 Vitae.
1062 2367 1065 2374 .

252 2412 293 2490 3⁰
320 2415 402 2492 vita
428 2416 549 2493 sancti
582 2416 779 2494 Athanasii
799 2415 973 2516 episcopi
994 2423 1032 2493 et
1051 2415 1285 2493 confessoris
1302 2414 1380 2508 (fol.

306 2537 437 2615 lav-15
466 2599 473 2615 .

178 2671 321 2724 convenit
331 2684 393 2724 eum
404 2539 479 2725 territi
493 2672 539 2738 qui
552 2630 651 2739 legitur
664 2672 692 2723 in
707 2670 758 2724 cod
771 2675 837 2724 5788
848 2674 924 2737 (tom.
939 2676 958 2737 l,
973 2688 999 2739 p.
1013 2675 1072 2737 283,
1084 2673 1150 2737 580).

250 2767 293 2845 40
319 2770 401 2848 Vita
433 2769 554 2848 sancti
586 2769 760 2848 lledardi
792 2771 966 2873 episcopi
986 2779 1022 2849 et
1054 2769 1288 2849 confessoris
1304 2767 1381 2869 (fol.

306 2891 497 2992 150-160).00

252 3016 294 3093 50
319 3016 403 3095 Vita
416 3026 454 3095 et
473 3018 659 3097 miracula
675 3020 797 3097 sancti
816 3018 937 3118 patris
951 3019 1074 3096 nostri
1090 3017 1220 3096 Basilii
1235 3016 1384 3095 archie-

302 3140 452 3240 piscopi
476 3141 758 3241 Cappadociae,
779 3141 885 3220 edita
915 3142 965 3218 ab
992 3141 1268 3241 Amphilochio
1300 3141 1382 3242 epi-

301 3285 421 3364 scopo
440 3264 573 3342 lconio
589 3265 666 3363 (fol.
691 3264 882 3364 llil-ltili*

252 3387 293 3465 60
317 3387 400 3464 Vita
414 3395 568 3466 sanctae
579 3387 805 3466 Consentiae
819 3388 981 3488 virginis
994 3388 1244 3466 etconversic
1258 3387 1381 3465 sancti

301 3506 482 3586 Eucherii
501 3519 538 3588 et
557 3511 686 3589 Gallae
703 3511 835 3590 uxoris
854 3514 936 3610 ejus
954 3510 1031 3610 (fol.
1054 3509 1224 3608 aenam),

163 3642 231 3698 red.
248 3652 293 3706 ap.
308 3640 445 3705 aminon,
459 3644 524 3696 Act.
535 3644 581 3696 aa.
598 3646 629 3697 o.
642 3646 669 3697 a.
683 3646 730 3705 a,
744 3657 814 3696 saec.
830 3647 850 3708 1,
865 3657 891 3709 p.
906 3645 1008 3695 nna-aa.
1222 3625 1225 3631 ’

250 3738 291 3813 '1⁰
315 3737 400 3816 Vita
422 3742 544 3818 sancti
574 3742 758 3819 Martialis
789 3741 1075 3819 Lemovicensis
1106 3740 1280 3841 episcopi
1298 3740 1375 3840 (fol.

300 3860 496 3960 llll-ddi*

156 4003 239 4056 Non
255 4007 342 4060 pauca
354 3996 454 4061 passim
467 3999 659 4062 praetermissa
673 4006 745 4050 sunt.

245 4091 288 4168 8⁰
313 4092 510 4173 Adventus
539 4096 796 4196 exceptioque
815 4095 991 4195 corporis
1010 4095 1226 4173 beatissimi
1259 4096 1381 4197 patris

301 4215 499 4296 Benedicti
514 4218 553 4293 in
569 4242 661 4319 agro
676 4218 909 4296 Floriacensi
925 4217 1091 4295 feliciter
1103 4218 1179 4318 (fol.
1190 4218 1380 4317 {llll-375.l

247 4337 290 4415 9⁰
309 4339 453 4539 fSprrpo
466 4343 589 4419 sancti
605 4341 781 4420 Oddonis
795 4340 949 4418 abbatis
963 4341 1013 4418 de
1026 4346 1160 4419 sancto
1170 4341 1380 4419 Benedicto

298 4463 376 4560 (o.
423 4463 561 4562 ’10-400).

149 4592 220 4651 gd.
238 4599 289 4652 ap.
304 4588 579 4655 ltarrlerltuclresne,
593 4590 672 4643 atat.
690 4590 789 4651 cina,
804 4606 829 4656 p.
845 4594 945 4645 loa-lo.

195 4696 314 4744 mvl..
332 4696 422 4740 rama.
440 4698 466 4741 Τ.
484 4699 522 4742 111.
