3082 5498
329 314 424 365 emt..
444 312 729 364 nnn.esn1s.-
744 309 897 360 nrrnnn.
918 310 965 360 nn
981 308 1060 360 con.
1080 307 1172 360 isoes.
1312 293 1381 360 295

252 483 290 560 2⁰
305 480 501 586 [Miracula
531 481 654 559 sancti
687 478 872 557 Richardi
904 477 1078 579 episcopi
1098 477 1379 581 Cicestriensis]

299 605 377 709 (iol.
398 603 569 704 ibi-biij.

181 739 367 794 Continentur
378 737 555 792 sermonibus
567 735 686 799 duobus,
699 746 818 801 quorum
831 735 900 788 alter
911 733 968 799 (iol.
988 735 1097 799 ibt-52¹)
1108 735 1148 787 ln
1166 737 1381 791 translatione

144 840 253 894 sancti
270 838 434 904 Richardi
459 838 529 890 alter
553 835 611 900 (iol.
635 835 747 898 tir-otiu)
767 834 804 887 In
825 832 876 885 die
895 832 1097 899 depositionis
1122 833 1205 887 beati
1226 834 1381 890 Richards·

145 934 284 1005 legendus
296 938 467 991 inscribitur.
482 938 554 990 llaec
565 934 707 997 miracula,
721 933 818 999 majori
831 946 865 984 ex
878 936 954 998 parte
964 931 1078 999 inedita,
1092 934 1229 1001 descripta
1240 934 1343 988 videsis
1352 936 1381 989 in

145 1037 316 1104 Appendioe.

246 1121 290 1198 3⁰
303 1120 358 1198 lie
376 1126 511 1198 sancto
529 1115 714 1194 Eduardo
733 1137 822 1214 rege
836 1114 913 1212 (fol.
935 1113 1102 1215 3lf-37lj.

178 1255 265 1308 Breve
279 1251 474 1319 compendium
492 1251 566 1303 vitae
579 1252 606 1302 s.
621 1247 741 1301 Eduardi
753 1247 928 1313 contessoris,
941 1247 976 1299 de
988 1260 1044 1314 quo
1055 1249 1122 1301 Act.
1132 1249 1191 1313 St„
1201 1248 1273 1302 add.
1283 1251 1380 1317 blan,

141 1352 212 1404 tom.
226 1354 248 1416 l,
262 1365 291 1416 p.
303 1351 353 1403 ibo
365 1362 427 1415 sqq.
440 1347 493 1400 sed
506 1360 651 1414 perperam
673 1345 774 1398 dicitur
794 1344 909 1398 exordio
930 1344 1014 1398 fuisse
1034 1346 1118 1412 repis
1138 1346 1259 1414 Edpori
1266 1346 1358 1415 filius
1371 1365 1381 1402 .·

136 1443 166 1496 is
177 1449 257 1501 enim
271 1452 348 1513 pater
359 1446 411 1498 ibit
431 1447 459 1499 S.
480 1444 598 1498 Eduardi
619 1443 757 1510 martyris,
779 1442 814 1495 de
834 1456 889 1508 quo
911 1443 990 1509 ibid,
1010 1442 1044 1496 ad
1061 1444 1088 1496 d.
1113 1447 1143 1497 iil
1160 1446 1249 1510 biart„
1271 1447 1379 1510 tom.ll‚

135 1556 168 1609 p.
180 1548 237 1602 ⁶38
249 1561 314 1615 sqq.

495 1925 704 2040 Appendix
723 1925 772 2013 od
790 1928 875 2015 cod.
903 1925 1056 2014 15033.

379 2145 558 2211 Minaeum
583 2142 618 2209 S.
650 2143 822 2209 chnnnnr
844 2140 926 2230 (Gir.
947 2159 1058 2226 supra,
1085 2140 1146 2225 2⁰).

321 2323 364 2380 In
377 2319 619 2380 mandatione
632 2318 749 2379 moti
765 2316 938 2378 moliendi
951 2315 1209 2377 cloestmensls.

180 2484 216 2535 1.
233 2487 269 2539 ob
281 2488 415 2540 honorem
428 2487 475 2539 bei
488 2487 684 2552 omnipotentis
696 2486 811 2551 ejusque
832 2484 979 2551 genetricis
999 2484 1095 2537 beatae
1114 2483 1229 2550 virginis
1242 2483 1342 2537 llariae
1352 2488 1380 2536 et

142 2586 274 2637 omnium
287 2592 455 2654 sanctorum,
469 2591 497 2638 et
508 2586 655 2651 praecipue
668 2585 755 2637 sancti
777 2584 915 2648 Richardi,
938 2583 1074 2636 mirabilia
1095 2596 1166 2649 quae
1183 2589 1259 2651 gesta
1272 2589 1337 2637 sunt
1350 2583 1378 2635 in

150 2681 277 2744 ejusdem
291 2688 377 2740 sancti
390 2687 517 2739 sichardi
542 2685 719 2738 translatione
742 2685 879 2749 praesenti
897 2682 1029 2737 schedula
1048 2685 1213 2737 enodantur.
1233 2683 1339 2737 Accidit
1353 2686 1382 2737 in

151 2784 273 2837 erastino
284 2786 472 2839 translationis
484 2785 572 2838 sancti
585 2784 712 2837 Richardi
726 2782 801 2848 quod
813 2784 926 2850 quidam
938 2783 1066 2837 vallettus
1079 2783 1251 2837 firmaculum
1264 2795 1379 2837 aureum

156 2877 187 2922 et
200 2881 325 2934 annulum
338 2881 372 2935 ad
389 2882 519 2934 feretrum
533 2881 605 2934 beati
619 2879 747 2933 Richardi
760 2894 808 2946 per
826 2882 967 2934 dominum
985 2895 1065 2934 suum
1085 2882 1244 2934 transmissa
1257 2882 1286 2933 in
1298 2882 1382 2935 bursa

158 2982 281 3042 sesnin,
295 2986 320 3034 et
334 2984 362 3033 in
385 2983 468 3034 nimia
491 2982 632 3034 bominum
655 2981 831 3034 multitudine
855 2982 1031 3047 constitutus,
1056 2981 1204 3034 indiscrete
1226 2995 1256 3034 se
1276 2982 1381 3035 liabens

160 3077 408 3133 lllloodcustodiam
424 3080 554 3144 jocalium
575 3080 786 3145 praedictorum,
808 3080 927 3145 repperit
948 3081 1060 3132 bursam
1085 3094 1160 3133 suam
1187 3094 1235 3145 per
1259 3081 1380 3133 medium

138 3157 331 3237 lampuniam.
346 3181 408 3245 lpse
422 3179 548 3231 vallettus
566 3180 663 3231 anxius
676 3186 701 3230 et
718 3180 815 3231 dolens
837 3181 949 3247 rogabat
972 3185 1095 3232 sanctum
1114 3180 1278 3233 bichardum
1297 3189 1326 3233 ut
1338 3183 1380 3234 sui

164 3266 283 3330 ¹nisenus
301 3278 399 3331 eadem
417 3278 516 3345 jocalia
537 3278 588 3329 sibi
612 3279 777 3344 restitueret,
797 3292 832 3331 ne
854 3279 1004 3332 eorundem
1027 3280 1144 3345 perditio
1164 3293 1230 3333 suae
1251 3280 1378 3347 fatuitati,

167 3368 231 3423 (ibin
241 3379 322 3440 potius
335 3376 502 3439 infidelitati,
515 3377 567 3428 sibi
581 3390 596 3429 a
617 3391 667 3430 suo
688 3378 801 3430 domino
824 3379 1004 3444 imputaretur
1017 3384 1044 3431 et
1062 3380 1090 3431 in
1100 3393 1176 3432 suam
1190 3379 1380 3433 contusionem

171 3467 198 3511 ²¹
210 3477 352 3529 scandalum
374 3476 552 3529 redundaret.
577 3478 609 3528 Et
632 3477 697 3529 dum
723 3479 789 3531 baec
813 3479 909 3531 deuote
934 3478 1140 3544 deprecaretur,
1166 3479 1305 3546 quendam
1328 3481 1379 3534 sibi

173 3567 296 3641 lsbntem,
307 3590 390 3643 quem
404 3589 486 3642 super
496 3577 547 3629 hoc
561 3576 677 3629 habebat
690 3585 859 3643 suspectum,
870 3578 1071 3646 alloquebatur,
1090 3578 1202 3632 dicens:
1218 3581 1261 3632 ila
1272 3592 1380 3647 ampu-

139 3641 164 3697 ¹⁵
179 3661 239 3724 toti
247 3674 371 3729 mirsam
383 3688 497 3728 meam.
510 3679 542 3728 nt
554 3676 600 3729 ille
617 3676 760 3742 respondit
774 3692 780 3728 :
799 3677 910 3730 Verum
932 3680 995 3743 θεῖ,
1008 3682 1035 3730 et
1046 3678 1156 3730 bursam
1169 3691 1231 3731 cum
1247 3679 1381 3746 jocalibus

178 3773 289 3829 tuouicto
301 3777 402 3830 valleto
416 3777 542 3829 restituit.
557 3779 617 3843 lpse
626 3790 689 3829 vero
700 3777 828 3842 velleius,
838 3777 938 3844 gratias
946 3790 1030 3845 agens
1040 3779 1093 3831 beo
1105 3783 1132 3830 et
1143 3778 1222 3832 beato
1234 3779 1379 3846 lonbardo,

177 3873 335 3929 ministerium
349 3878 401 3930 sibi
415 3878 593 3929 commissum
606 3877 724 3930 fideliter
737 3877 905 3943 adimplevit.

196 3973 222 4027 2.
239 3977 351 4041 Quidam
364 3976 453 4041 miles,
468 3978 581 4030 nomine
594 3978 725 4044 ingenus,
740 3977 897 4029 infirmitate
909 3983 1048 4045 gravatus,
1062 3982 1154 4031 mente
1167 3979 1271 4045 stupuit
1282 3979 1382 4032 aliena·

168 4078 211 4138 tus,
226 4081 252 4126 et
264 4088 311 4140 per
336 4088 401 4127 suos
425 4074 574 4128 familiares
595 4076 646 4128 sibi
668 4081 789 4128 astantes
809 4076 841 4127 ad
865 4082 988 4129 sanctum
1009 4075 1176 4130 Richardum
1195 4084 1379 4145 mensuratus,

135 4174 252 4243 lplicato
264 4189 326 4227 cum
338 4174 484 4227 deuotione
501 4188 583 4240 super
604 4181 686 4241 caput
697 4177 756 4242 ejus
777 4175 900 4239 denario,
912 4177 1008 4242 inipso
1022 4182 1160 4231 momento
1173 4179 1270 4231 totum·
1282 4192 1380 4232 conva-
1439 4183 1447 4202 ⁶
1483 4182 1490 4193 “
1509 4220 1516 4235 .

155 4275 212 4328 luit.
226 4276 350 4326 Etsanus
363 4274 450 4325 sactus
462 4275 586 4337 omnino,
600 4273 635 4325 ad
649 4274 779 4326 teretrum
794 4276 880 4327 sancti
899 4276 1025 4328 lliclrardi
1044 4290 1106 4329 cum
1121 4277 1178 4329 suis
1195 4278 1380 4331 oblationibus

150 4380 178 4428 et
189 4373 308 4439 imagine
321 4384 399 4423 cerea
413 4372 527 4423 veniens
541 4372 567 4423 in
582 4373 700 4424 crastino
718 4372 905 4425 translationis
921 4374 1045 4440 ejusdem
1064 4376 1150 4426 sancti
1172 4373 1311 4438 Richardi,
1328 4378 1379 4429 boc

146 4471 281 4528 omnibus
294 4470 397 4523 ibidem
410 4471 590 4523 existentibus
600 4470 782 4535 denuntiavit,
793 4473 894 4538 gratias
904 4474 1026 4525 referens
1038 4477 1092 4526 Deo
1102 4473 1235 4527 altissimo
1245 4481 1272 4524 et
1287 4483 1381 4529 sancto

143 4572 287 4630 Richardo
301 4573 387 4639 ipsius
397 4571 569 4624 sanctissimo
581 4572 743 4625 consessori.
