3076 5498
248 106 293 170 40
591 115 716 167 caran.
736 115 838 165 cono.
856 113 1031 165 subrues.
1049 113 1130 165 naa.

248 291 321 353 Quae
329 284 422 341 omnia
433 285 501 338 iacta
514 289 624 352 propter
631 297 752 338 amorem
765 296 847 350 quem
860 295 924 352 erga
935 283 1044 337 beatum
1058 283 1214 337 iohannem
1223 294 1320 336 omnes
1328 282 1525 347 habebant,

247 387 416 454 imperatrix,
430 397 545 439 concors
562 383 698 450 pessimae
709 383 828 446 lezabel,
841 395 1020 451 cognoscens,
1034 395 1110 436 suam
1128 382 1291 436 acerrimam
1302 382 1406 436 cunetis
1416 381 1526 448 ple·

247 488 360 542 nissime
381 486 529 553 publicavit
541 485 702 552 nequitiam.
716 486 876 538 convocans
896 483 970 537 enim
983 487 1096 536 cunctos
1116 486 1276 549 praesentes
1294 480 1435 549 pontifices
1477 488 1528 536 et

247 587 363 641 clericos
374 586 457 639 simul
474 584 678 651 saecularisque
692 583 783 650 populi
806 581 1019 648 multitudinem,
1038 581 1220 634 miserrimam
1240 579 1527 648 execrandumque

247 686 338 739 emisit
351 697 459 747 vocem,
471 683 557 750 quod,
568 683 620 735 nisi
633 681 791 735 exiliaretur
799 687 910 735 sanctus
921 682 1070 747 lohannes,
1080 685 1176 735 contra
1185 680 1305 734 studium
1318 693 1399 734 verae
1410 678 1467 733 tiri
1474 683 1522 736 ei

248 786 414 853 patefaceret
425 783 526 850 templa
539 782 675 835 idolorum
685 786 848 850 cogeretque
860 781 1008 835 universos
1017 780 1132 835 adorare
1142 780 1223 834 idola.
1236 782 1268 834 lit
1277 780 1354 833 missi
1364 779 1471 847 quida
1482 797 1520 836 m

246 886 282 938 ab
294 883 429 950 episcopis
453 882 646 936 consentaneis
667 882 801 948 pessimae
820 880 1000 947 imperatricis
1020 881 1124 934 seducti
1144 879 1322 946 protulerunt
1332 878 1518 936 consiliam

247 982 451 1050 iniquissimum
464 981 493 1033 in
505 979 586 1033 exilio
607 981 676 1046 ejus,
689 977 795 1032 scilicet
807 980 872 1046 quia
884 992 938 1032 oon
957 984 1067 1046 mgatus
1079 978 1128 1032 sed
1141 991 1189 1044 per
1205 978 1443 1044 importunitatem
1482 986 1515 1034 et

249 1080 405 1146 superbiam
428 1078 556 1132 rediisset
567 1077 600 1131 ad
622 1077 715 1131 sedem
728 1091 816 1130 suam.
830 1077 959 1130 Nonnulli
980 1077 1061 1130 etiam
1080 1090 1113 1129 ex
1134 1075 1232 1129 iisdem
1253 1076 1510 1143 contrariiseius,

247 1178 412 1234 accedentes
423 1177 457 1232 ad
479 1178 683 1244 imperatorem,
695 1176 845 1229 dixerunt:
862 1175 884 1229 0
905 1176 1085 1243 imperator,
1098 1175 1164 1229 noli
1183 1187 1251 1228 esse
1265 1173 1508 1230 sacerdotebus
1524 1180 1537 1231 it

248 1279 365 1332 mitior.
385 1276 495 1342 Utjam
508 1275 650 1329 discimus
660 1275 725 1340 tibi,
734 1274 888 1330 lobannis
901 1274 1049 1342 depositio
1058 1274 1101 1328 sit
1111 1286 1207 1341 super
1216 1277 1313 1341 caput
1325 1275 1501 1328 nostrum

248 1379 328 1433 'lunc
340 1377 498 1442 imperator,
518 1375 605 1442 quiet
625 1375 660 1427 ab
680 1387 765 1428 uxore
778 1375 897 1440 propria,
911 1374 969 1440 pari
991 1374 1092 1427 balilae
1109 1380 1138 1426 et
1157 1371 1329 1437 llerodiadis,
1342 1373 1370 1425 id
1389 1373 1502 1427 iacere

249 1474 409 1542 saepissime
429 1473 653 1541 compellebatur,
667 1473 764 1527 nolens
785 1473 924 1541 adquievit
943 1486 1006 1526 eum
1019 1473 1055 1526 de
1074 1471 1309 1538 constantinopoli
1334 1471 1442 1525 exiliari
1467 1471 1498 1523 in

248 1577 340 1630 locum
352 1574 466 1628 nomine
479 1576 608 1638 Cucusso,
618 1573 791 1626 committens
800 1578 892 1627 tamen
903 1574 954 1627 hoc
965 1585 1035 1638 opus
1045 1572 1142 1625 divino
1149 1572 1254 1640 judicio
1263 1577 1291 1625 et
1299 1568 1497 1625 aestimationi

251 1674 369 1741 fldeique
383 1673 503 1740 ipsorum
525 1672 726 1739 cpiscoporum.
740 1671 877 1725 conduxit
896 1672 959 1727 ilico
972 1685 1021 1738 per
1042 1671 1117 1726 vicos
1127 1675 1154 1724 et
1174 1672 1280 1738 plateas
1300 1670 1386 1738 ipsius
1400 1662 1530 1723 urhbtl

251 1772 398 1827 multitudo
413 1772 535 1825 virorum
549 1785 580 1825 ac
593 1771 739 1824 mulierum
753 1772 912 1825 habentium
925 1773 1037 1825 nimiam
1051 1772 1268 1838 compassionem
1281 1771 1383 1838 proprii
1394 1765 1494 1824 animi

249 1885 312 1940 erga
328 1872 440 1925 beatum
453 1871 620 1934 iohannem,
633 1871 737 1924 solutos
757 1871 889 1924 babentes
902 1877 928 1924 ot
945 1883 1055 1936 sparsos
1080 1884 1128 1937 per
1151 1883 1262 1925 umeros
1278 1871 1380 1924 crines.
1392 1871 1494 1935 Lusa·

248 1972 315 2027 bant
326 1975 418 2025 autem
431 1969 601 2022 amarissime
618 1982 650 2022 ac
662 1970 905 2023 vehementissime
919 1970 1151 2035 vociferabantur,
1164 1970 1307 2037 paratique
1316 1972 1393 2037 iuxta
1404 1969 1494 2022 viret

249 2085 312 2125 suas
333 2076 411 2124 erant
432 2070 531 2137 singuli
556 2068 765 2135 apprehendere
784 2084 815 2123 ac
828 2070 981 2133 tenero,'ne
1003 2070 1150 2136 perderent
1170 2083 1234 2124 cum
1254 2071 1361 2125 cunctis
1379 2063 1493 2125 sanctis

247 2168 404 2234 uirtutibus,
425 2166 499 2220 velut
519 2166 685 2233 quibusdam
705 2168 911 2232 pretiosissimis
940 2169 1104 2236 margaritis,
1131 2167 1299 2222 ditissimum
1316 2154 1525 2237 fulgerosa-¹

248 2278 379 2332 mumque
391 2271 495 2332 patrem
506 2266 669 2331 iohannem,
682 2267 752 2320 mori
764 2278 814 2333 pro
827 2266 874 2319 illo
886 2265 1039 2332 cupientes.

282 2364 337 2418 37.
356 2367 430 2418 ilanc
442 2363 617 2418 devotionem
635 2365 727 2431 populi
741 2365 812 2418 circa
824 2378 854 2419 se
866 2370 1017 2419 exstantem
1029 2365 1178 2432 pervidens
1190 2367 1364 2421 beatissimus
1380 2365 1488 2420 loban-

249 2477 308 2527 nes,
332 2468 513 2530 metuensque
532 2477 568 2516 ne
599 2463 670 2517 torte
690 2464 833 2518 occasione
855 2464 1024 2519 liberationis
1054 2470 1121 2519 sitae
1150 2469 1312 2532 potestatem
1344 2457 1486 2521 obtineret

249 2561 375 2615 idolatria
386 2561 429 2615 uel
448 2560 565 2628 quilibet
576 2575 611 2614 ex
633 2562 732 2628 populo
751 2562 861 2617 adversi
874 2564 977 2632 aliquid
996 2570 1145 2631 pateretur,
1165 2565 1200 2618 ab
1221 2566 1262 2618 eis
1281 2565 1480 2619 occultantes,

248 2659 415 2727 tradiditque
427 2674 456 2712 se
477 2660 519 2712 bis
531 2661 578 2727 qui
591 2674 654 2714 eum
676 2662 784 2714 ducturi
799 2668 878 2715 erant
889 2663 918 2715 in
938 2663 1060 2727 exilium,
1073 2669 1100 2717 et
1118 2665 1261 2731 ignorante
1282 2664 1384 2732 populo
1397 2654 1479 2719 exitii
1496 2638 1521 2694 ἶ

249 2757 403 2812 meridiano
416 2764 539 2825 tempore
551 2760 585 2813 de
597 2761 772 2826 patriarchio,
785 2765 868 2829 atque
880 2775 913 2815 ex
924 2763 995 2816 urbe
1011 2763 1115 2816 vadens
1128 2777 1189 2817 cum
1202 2764 1275 2831 illis;
1289 2765 1337 2832 qui
1351 2765 1400 2818 tuit
1410 2772 1473 2832 poo-

249 2857 316 2910 tiiex
327 2858 408 2911 annis
419 2856 545 2925 quinque
555 2865 581 2911 et
590 2859 682 2938 semis,
693 2859 737 2912 laic
748 2859 874 2927 septuplo
884 2861 1059 2915 beatissimus
1071 2863 1199 2916 existens.
1214 2865 1235 2915 Α
1247 2863 1383 2918 militibus
1390 2868 1471 2919 autem

248 2956 358 3022 eparcbi
371 2957 560 3010 crudelissime
572 2971 620 3023 per
632 2959 783 3024 asperrima
796 2959 856 3012 loca
874 2946 985 3026 tractus,
999 2963 1168 3029 angustiatus
1190 2960 1363 3030 afflictusque
1381 2966 1466 3028 estpsr

248 3066 358 3106 omnem
371 3052 482 3108 modum
493 3067 580 3121 usque
592 3053 627 3106 ad
637 3056 727 3108 locum
738 3056 849 3110 Cucussi
863 3072 870 3121 3
885 3057 932 3109 sed
945 3059 1144 3124 omnipotentis
1156 3071 1241 3112 mauu
1252 3058 1467 3126 adiutos,cuucta

248 3153 369 3218 pericula
381 3154 459 3220 quasi
473 3154 549 3207 lucra
562 3155 679 3207 maxima
702 3155 926 3223 amplectebatur,
940 3159 1006 3210 satis
1024 3158 1146 3226 gaudem
1158 3158 1186 3211 in
1207 3158 1318 3227 iisdem,
1331 3161 1470 3216 immensas

247 3251 420 3319 grandesque
432 3254 531 3321 gratias
543 3266 626 3320 agens
640 3256 695 3307 lieo
707 3267 756 3319 pro
770 3254 923 3309 innumeris
940 3269 972 3309 ac
993 3257 1098 3325 magnis
1112 3258 1192 3310 bonis
1209 3258 1311 3325 quibus
1332 3259 1412 3312 illum
1431 3273 1474 3327 per

250 3351 318 3405 baec
330 3364 407 3405 more
424 3353 506 3406 solito
518 3352 629 3406 ditabat.
644 3356 790 3407 Testantur
802 3357 868 3407 haec
889 3356 974 3421 ipsius
995 3357 1127 3423 epistolae
1145 3370 1214 3424 quas
1231 3358 1478 3426 discipulaemini·

249 3455 380 3518 straeque
397 3452 532 3519 propriae,
548 3453 698 3519 Olympiadi
720 3454 842 3516 nomine,
862 3456 978 3521 scripsit.
999 3456 1106 3509 Sciebat
1126 3458 1200 3510 enim
1222 3456 1316 3511 multis
1335 3457 1429 3513 modis
1448 3473 1481 3515 ex

249 3550 296 3603 liei
308 3551 381 3603 dono
394 3555 468 3604 tanta
481 3552 584 3604 attalia
596 3565 625 3605 se
638 3553 707 3605 mala
722 3566 801 3619 posse
813 3555 917 3621 perpeti
928 3562 955 3607 et
967 3555 1039 3609 bono
1050 3557 1142 3610 animo
1154 3557 1303 3625 sustinere,
1313 3570 1389 3625 quae
1400 3558 1483 3615 dedu·

249 3654 345 3704 centes
358 3648 435 3702 illum
448 3649 602 3704 inferebant
613 3657 643 3704 ut
655 3650 730 3720 digni
743 3652 918 3706 edicerentur
929 3655 1055 3709 obtinere
1072 3655 1332 3710 sublimissimomm
1345 3658 1484 3726 maduum
1498 3664 1529 3717 ii

252 3749 371 3801 bonores
384 3747 534 3814 promissos
553 3751 605 3803 sibi
617 3764 633 3804 a
645 3753 817 3805 mittentibus
829 3767 869 3820 se,
883 3754 906 3806 sl
918 3755 957 3807 sic
969 3757 1087 3821 pessime
1104 3755 1181 3809 illum
1194 3761 1345 3810 tractarent
1355 3762 1390 3811 ut
1400 3757 1432 3812 iu
1442 3761 1488 3816 via

250 3851 414 3903 moreretur.
427 3849 476 3902 ilic
497 3848 579 3903 etiam
593 3851 621 3902 in
639 3854 763 3924 angustia
784 3854 959 3921 constitutus,
972 3859 1053 3922 prout
1073 3855 1188 3923 valebat,
1201 3856 1356 3910 secundum
1380 3870 1488 3915 morem

249 3959 330 4000 suum
343 3947 488 4013 pristinum
501 3962 558 4002 non
570 3951 694 4004 cessabat
714 3953 829 4007 edocere
842 3959 1001 4019 praesentes
1013 3954 1104 4009 verbis
1115 3954 1306 4023 exemplisque
1316 3957 1445 4024 propriis
1455 3974 1490 4016 ea

248 4058 319 4112 quae
330 4045 431 4099 utenda
452 4049 571 4102 suntad
592 4063 684 4104 veram
705 4052 821 4105 salutem
842 4053 981 4120 vitamque
1001 4054 1110 4107 animae
1130 4059 1156 4107 et
1176 4054 1267 4108 carnis
1288 4056 1488 4132 obtinendam,

245 4145 369 4212 exemplo
380 4145 452 4198 beati
466 4147 580 4212 apostoli
601 4149 741 4214 quondam
754 4152 890 4218 angustati
910 4157 936 4205 et
948 4153 1054 4220 agentis
1076 4153 1139 4206 talia
1151 4153 1313 4208 instructus.
1327 4157 1387 4211 Sed
1408 4160 1488 4217 etde
1502 4164 1536 4219 fl

246 4244 307 4298 loco
325 4247 455 4311 Cucusso,
469 4247 502 4299 ad
523 4261 606 4314 quem
628 4250 722 4303 rolens
743 4252 897 4320 nolensque
918 4259 1040 4317 uenerat,
1062 4252 1096 4306 ad
1119 4252 1179 4320 plus
1199 4254 1355 4308 solitarium
1380 4258 1488 4329 locum,

249 4343 392 4397 Pitiuntam
414 4347 535 4412 nomine,
549 4362 645 4402 rursus
665 4350 854 4404 crudelissime
876 4353 990 4405 trabitur
1010 4357 1112 4421 martyr
1132 4352 1298 4407 fortissimus
1318 4360 1352 4408 ut
1372 4358 1490 4415 adamas
