3076 5498
385 324 480 375 aran.
500 325 585 385 nar.
605 326 722 376 rarus.
755 347 779 357 -
803 327 881 376 oon.
902 324 992 376 rana.
1241 312 1309 380 200

161 493 215 569 2⁰
232 493 317 571 Vita
335 479 460 572 sancti
478 493 670 571 Valentini
689 492 908 594 presbyteri
926 494 1006 595 [seu
1033 496 1221 599 episcopi]
1247 498 1310 576 ln·
1366 550 1369 556 -

224 620 484 698 teramnensis
501 619 669 698 civitatis
686 618 763 720 (fol.
786 619 901 719 50-90).

94 727 152 789 ld.
170 741 239 796 Act.
254 742 311 808 ss,
324 744 360 797 au
377 742 406 795 u.
420 746 452 796 rr
464 744 554 810 reor,
570 749 634 797 tom.
649 744 694 806 nr,
708 757 735 809 p.
750 744 853 796 rso-ar.

173 829 214 906 30
231 831 315 911 Vita
334 833 458 911 sancti
478 832 653 934 Gregorii
673 855 798 934 papae
816 832 897 928 (fol.
921 832 1093 933 90-110).0

112 938 226 1007 luctare
240 958 347 1008 loanne
359 955 487 1009 diacono.
501 943 638 1019 Quaedam
653 955 792 1008 hincinde
804 955 997 1021 praetermissa
1011 961 1088 1008 sunt.-

181 1042 215 1120 l⁰
233 1045 365 1123 Passio
383 1047 506 1124 sancti
525 1044 702 1123 Andreae
719 1045 887 1146 apostoli
908 1045 987 1135 (fol.
1010 1045 1205 1147 180-1110).0

185 1166 218 1243 5⁰
235 1167 379 1270 [Passio
403 1178 628 1248 sanctorum
647 1169 878 1271 chrysanthi
908 1177 947 1247 et
964 1169 1112 1271 Daciae]
1129 1171 1205 1270 (fol.
1228 1172 1311 1250 510-

228 1292 294 1371 53v
310 1295 342 1368 t*

8 1472 27 1487 N
63 1387 67 1411 ³
136 1293 367 1485 0u.nrologai)s‚et
386 1417 478 1471 Passio
493 1418 590 1472 mutila
611 1418 754 1472 desinitin
768 1419 859 1473 verbis
880 1419 926 1472 ita
946 1421 981 1471 ut
1000 1419 1090 1473 tertio
1105 1421 1225 1486 puncto
1243 1420 1312 1486 edua

113 1501 368 1570 ilmcoartarent
378 1519 465 1581 (num.
482 1520 512 1571 ro
525 1518 618 1583 meua.

182 1605 218 1681 6⁰
234 1631 301 1683 rm
333 1606 422 1686 idus
449 1607 557 1705 maii,
578 1607 622 1685 id
650 1618 708 1687 est
727 1608 803 1686 die.
822 1631 927 1686 nono
956 1607 1131 1708 ejusdem
1152 1609 1310 1698 mensis,

227 1730 430 1810 translatio
448 1730 571 1809 sancti
587 1733 764 1834 corporis
782 1732 884 1810 beati
904 1732 1080 1811 Nicholai
1099 1731 1149 1810 de
1162 1733 1311 1834 Myrrea

229 1877 352 1957 usque
370 1855 422 1932 ad
439 1854 581 1934 Barum
599 1856 676 1956 (iol.
697 1856 889 1958 542le

114 1978 200 2029 dmm.
214 1978 342 2047 prologus
355 1985 383 2032 et
396 1992 474 2046 capp.
491 1982 531 2044 10,
544 1981 587 2033 10.

178 2067 218 2143 7⁰
232 2067 317 2145 Vita
347 2069 471 2147 sancti
501 2069 690 2148 lobannis
722 2068 1009 2170 archiepiscopi
1040 2068 1306 2168 Alexandrini,

226 2192 294 2294 qui
314 2192 460 2273 dieitur
477 2195 791 2298 Elemosynarius
808 2196 885 2292 (fol.
907 2194 1071 2295 010000).

103 2317 497 2380 adcommodandae.
512 2320 574 2386 88,
587 2320 621 2374 ad
642 2320 670 2373 d.
684 2323 717 2374 10
726 2324 799 2388 tan,
812 2328 879 2373 torn.
893 2321 927 2386 ll,
941 2334 968 2386 p.
986 2321 1106 2373 400517.
1119 2322 1207 2373 Pauca
1225 2320 1308 2374 rerba

62 2415 185 2471 desum
197 2416 226 2468 in
238 2414 303 2472 tine.

272 2847 461 2938 noxvn.
485 2848 611 2936 Godex
631 2848 820 2958 signatus
841 2871 953 2934 num.
980 2844 1131 2934 13774.

99 3055 186 3109 Olim
199 3057 324 3109 coenobii
339 3059 494 3122 Beccensis,
507 3058 609 3112 deindo
622 3062 789 3123 San-Germ,
805 3059 882 3125 prius
894 3061 952 3122 018,
969 3057 1104 3109 recentius
1122 3055 1196 3107 1010.

101 3159 253 3212 Foliorum
266 3161 379 3211 omnino
393 3162 440 3213 111
452 3163 569 3226 (praeter
582 3163 730 3214 insiticium
743 3175 828 3213 unum
844 3161 869 3211 in
889 3159 995 3223 capite),
1010 3163 1167 3222 compactus
1179 3166 1212 3206 ex
1223 3151 1311 3206 diver·

58 3260 107 3311 sis
122 3255 282 3319 codicibus,
297 3271 415 3323 quorum
434 3261 538 3324 primus
551 3260 607 3321 (iol.
624 3262 701 3324 1-15),
715 3261 781 3311 min.
795 3257 1030 3323 (deamones),
1046 3253 1126 3307 lineis
1139 3251 1236 3318 plenis,
1250 3264 1312 3303 exa·

58 3364 154 3412 ratus
179 3362 222 3407 est
242 3357 354 3409 diversis
372 3360 501 3411 manibus
520 3373 591 3411 saec.
607 3361 662 3424 xli,
677 3361 792 3412 ultimus
813 3372 876 3411 vero
896 3356 1077 3421 (10181111),
1093 3352 1308 3418 1011110013οΧ

56 3460 156 3523 0,18),
174 3455 256 3507 lineis
268 3457 367 3522 plenis,
382 3471 454 3510 saec.
468 3460 535 3511 xlll.

181 3544 220 3619 10
237 3544 392 3648 [Passio]
410 3549 531 3626 sancti
552 3548 722 3626 Gratiani
742 3547 922 3647 martyris
939 3544 1014 3643 (fol.
1040 3541 1154 3641 10-50).

99 3678 224 3733 Scilicet
236 3680 328 3731 Passio
341 3685 496 3733 sanctorum
511 3681 651 3734 Gratiliani
665 3685 692 3733 et
704 3680 897 3744 Felicissimae,
908 3676 953 3730 ed.
962 3678 1026 3729 Act.
1038 3676 1095 3737 SS,
1105 3671 1140 3726 ad
1152 3670 1179 3726 d.
1191 3673 1221 3723 11
1233 3671 1311 3736 Aug„

55 3792 140 3836 tom.
159 3778 195 3840 11,
209 3792 237 3843 p.
251 3780 354 3831 71050.

180 3866 220 3942 10
247 3867 383 3948 Sermo
402 3868 452 3948 de
470 3871 604 3972 corylo
623 3869 745 3948 sancti
765 3865 936 3945 Gratiani
955 3864 1034 3965 (fol.
1055 3860 1168 3961 50-60).

98 3993 158 4047 sd.
175 3992 241 4045 net.
256 3992 312 4059 80,
326 3993 360 4046 ad
374 3993 402 4047 d.
415 3995 449 4047 15
460 3996 525 4062 Oct,
539 4000 605 4048 torn.
619 3997 650 4058 x,
664 4009 691 4059 p.
704 3994 791 4059 11-11,
805 4005 881 4044 num.
893 3991 954 4043 0-10
965 3991 1052 4053 (num.
1067 3989 1118 4052 11),
1130 3983 1305 4052 praetermis-

51 4097 101 4150 sis
118 4091 276 4146 nonnullis
288 4095 480 4158 paraeneticis.

178 4177 219 4256 30
237 4179 331 4280 [Vita
349 4191 503 4262 sanotae
521 4183 799 4284 Euphrosynae
814 4177 985 4279 virginis]
1002 4176 1079 4276 (fol.
1098 4174 1261 4252 ’10-100.0

177 4303 220 4378 10
237 4303 291 4381 lle
308 4307 561 4387 translatione
579 4317 733 4386 sanctae
752 4302 974 4383 Honorinae
1002 4310 1040 4378 et
1059 4298 1108 4376 de
1134 4300 1218 4397 ejus
1235 4296 1309 4374 rir-

227 4429 378 4510 tutibus
396 4440 580 4511 tractatus
599 4431 675 4531 (fol.
700 4429 867 4527 10110).

88 4555 151 4612 m.
170 4565 204 4606 ex
226 4553 280 4606 hoc
297 4554 391 4608 codiee
410 4557 503 4610 Amal.
522 4557 614 4623 Bell„
638 4561 704 4609 tom.
724 4556 757 4607 lx
773 4551 867 4617 (1000),
882 4563 907 4615 p.
923 4547 1024 4600 15010.
1038 4544 1167 4610 sequitur
1183 4542 1240 4606 (tol.
1255 4546 1310 4608 l'iv)

45 4663 192 4727 hymnus
204 4652 243 4705 dc
255 4652 352 4707 eadem
363 4655 427 4720 (inc.
440 4655 598 4720 Barnaeum
610 4666 764 4709 canamus
783 4647 952 4715 airoini...),
966 4646 1037 4699 notis
1056 4643 1166 4696 musicis
1178 4642 1308 4708 signatus.
