<?xml version="1.0" encoding="UTF-8"?>
<!DOCTYPE html PUBLIC "-//W3C//DTD XHTML 1.0 Transitional//EN"
    "http://www.w3.org/TR/xhtml1/DTD/xhtml1-transitional.dtd">
<html xmlns="http://www.w3.org/1999/xhtml" xml:lang="en" lang="en">
 <head>
  <title>
</title>
<meta http-equiv="Content-Type" content="text/html;charset=utf-8" />
  <meta name='ocr-system' content='tesseract 3.04.00' />
  <meta name='ocr-capabilities' content='ocr_page ocr_carea ocr_par ocr_line ocrx_word'/>
</head>
<body>
  <div class='ocr_page' id='page_1' title='image "./cataloguscodicu00manugoog_0049.png"; bbox 0 0 3076 5498; ppageno 0'>
   <div class='ocr_carea' id='block_1_1' title="bbox 150 329 1031 398">
    <p class='ocr_par' dir='ltr' id='par_1_1' title="bbox 150 329 1031 398">
     <span class='ocr_line' id='line_1_1' title="bbox 150 329 1031 398; baseline 0 -2"><span class='ocrx_word' id='word_1_1' title='bbox 150 329 195 396; x_wconf 88' lang='lat'>36</span> <span class='ocrx_word' id='word_1_2' title='bbox 494 347 619 398; x_wconf 76' lang='lat' dir='ltr'>caran.</span> <span class='ocrx_word' id='word_1_3' title='bbox 639 347 741 398; x_wconf 89' lang='lat' dir='ltr'>cono.</span> <span class='ocrx_word' id='word_1_4' title='bbox 760 349 933 398; x_wconf 76' lang='lat' dir='ltr'>naamon.</span> <span class='ocrx_word' id='word_1_5' title='bbox 953 348 1031 397; x_wconf 78' lang='lat' dir='ltr'>nar.</span> 
     </span>
    </p>
   </div>
   <div class='ocr_carea' id='block_1_2' title="bbox 148 517 1248 4641">
    <p class='ocr_par' dir='ltr' id='par_1_2' title="bbox 148 517 1248 4146">
     <span class='ocr_line' id='line_1_2' title="bbox 149 517 1247 586; baseline -0.001 -15"><span class='ocrx_word' id='word_1_6' title='bbox 149 529 219 583; x_wconf 80' lang='lat' dir='ltr'>quos</span> <span class='ocrx_word' id='word_1_7' title='bbox 230 517 341 572; x_wconf 80' lang='lat' dir='ltr'>valeret.</span> <span class='ocrx_word' id='word_1_8' title='bbox 355 522 428 584; x_wconf 85' lang='lat' dir='ltr'><strong>Quae</strong></span> <span class='ocrx_word' id='word_1_9' title='bbox 440 524 467 573; x_wconf 91' lang='lat' dir='ltr'>et</span> <span class='ocrx_word' id='word_1_10' title='bbox 478 519 655 573; x_wconf 88' lang='lat' dir='ltr'>disseminata</span> <span class='ocrx_word' id='word_1_11' title='bbox 668 524 742 582; x_wconf 93' lang='lat' dir='ltr'>sunt,</span> <span class='ocrx_word' id='word_1_12' title='bbox 752 525 779 573; x_wconf 91' lang='lat' dir='ltr'>et</span> <span class='ocrx_word' id='word_1_13' title='bbox 787 532 883 586; x_wconf 82' lang='lat' dir='ltr'>preces</span> <span class='ocrx_word' id='word_1_14' title='bbox 893 519 957 573; x_wconf 90' lang='lat' dir='ltr'>idco</span> <span class='ocrx_word' id='word_1_15' title='bbox 969 520 1046 572; x_wconf 85' lang='lat' dir='ltr'>tusae</span> <span class='ocrx_word' id='word_1_16' title='bbox 1058 524 1086 572; x_wconf 93' lang='lat' dir='ltr'>et</span> <span class='ocrx_word' id='word_1_17' title='bbox 1098 519 1216 572; x_wconf 82' lang='lat' dir='ltr'>honores</span> <span class='ocrx_word' id='word_1_18' title='bbox 1224 532 1247 572; x_wconf 76' lang='lat' dir='ltr'>ac</span> 
     </span>
     <span class='ocr_line' id='line_1_3' title="bbox 150 617 1247 685; baseline 0.001 -17"><span class='ocrx_word' id='word_1_19' title='bbox 150 628 227 669; x_wconf 93' lang='lat' dir='ltr'>more</span> <span class='ocrx_word' id='word_1_20' title='bbox 245 617 356 683; x_wconf 86' lang='lat' dir='ltr'>judaico</span> <span class='ocrx_word' id='word_1_21' title='bbox 376 617 491 683; x_wconf 90' lang='lat' dir='ltr'>coiiala;</span> <span class='ocrx_word' id='word_1_22' title='bbox 506 619 554 672; x_wconf 89' lang='lat' dir='ltr'>sed</span> <span class='ocrx_word' id='word_1_23' title='bbox 575 618 617 671; x_wconf 93' lang='lat' dir='ltr'>bis</span> <span class='ocrx_word' id='word_1_24' title='bbox 638 620 766 672; x_wconf 92' lang='lat' dir='ltr'>omnibus</span> <span class='ocrx_word' id='word_1_25' title='bbox 786 619 943 685; x_wconf 83' lang='lat' dir='ltr'><strong>paucissimi</strong></span> <span class='ocrx_word' id='word_1_26' title='bbox 965 619 1081 683; x_wconf 88' lang='lat' dir='ltr'>decepti.</span> <span class='ocrx_word' id='word_1_27' title='bbox 1100 618 1247 675; x_wconf 86' lang='lat' dir='ltr'>coadunati</span> 
     </span>
     <span class='ocr_line' id='line_1_4' title="bbox 149 714 1247 783; baseline 0 -16"><span class='ocrx_word' id='word_1_28' title='bbox 149 714 300 768; x_wconf 82' lang='lat' dir='ltr'>assidentes</span> <span class='ocrx_word' id='word_1_29' title='bbox 313 721 392 768; x_wconf 91' lang='lat' dir='ltr'>erant</span> <span class='ocrx_word' id='word_1_30' title='bbox 403 722 498 769; x_wconf 89' lang='lat' dir='ltr'>sancto</span> <span class='ocrx_word' id='word_1_31' title='bbox 509 717 627 769; x_wconf 89' lang='lat' dir='ltr'>lohanni</span> <span class='ocrx_word' id='word_1_32' title='bbox 639 717 666 769; x_wconf 93' lang='lat' dir='ltr'>in</span> <span class='ocrx_word' id='word_1_33' title='bbox 680 717 799 770; x_wconf 90' lang='lat' dir='ltr'>triclinio</span> <span class='ocrx_word' id='word_1_34' title='bbox 808 716 986 783; x_wconf 79' lang='lat' dir='ltr'>quadraginta</span> <span class='ocrx_word' id='word_1_35' title='bbox 997 716 1153 782; x_wconf 77' lang='lat' dir='ltr'>pontifices,</span> <span class='ocrx_word' id='word_1_36' title='bbox 1164 716 1211 782; x_wconf 84' lang='lat' dir='ltr'>qui</span> <span class='ocrx_word' id='word_1_37' title='bbox 1221 716 1247 783; x_wconf 79' lang='lat' dir='ltr'>ig</span> 
     </span>
     <span class='ocr_line' id='line_1_5' title="bbox 150 811 1247 882; baseline 0 -16"><span class='ocrx_word' id='word_1_38' title='bbox 150 811 255 866; x_wconf 89' lang='lat' dir='ltr'>occulta</span> <span class='ocrx_word' id='word_1_39' title='bbox 269 814 369 867; x_wconf 90' lang='lat' dir='ltr'>inistis</span> <span class='ocrx_word' id='word_1_40' title='bbox 388 815 471 869; x_wconf 90' lang='lat' dir='ltr'>rebus</span> <span class='ocrx_word' id='word_1_41' title='bbox 484 815 554 867; x_wconf 88' lang='lat' dir='ltr'>iacta</span> <span class='ocrx_word' id='word_1_42' title='bbox 570 816 762 882; x_wconf 81' lang='lat' dir='ltr'>imperatricis,</span> <span class='ocrx_word' id='word_1_43' title='bbox 776 815 930 881; x_wconf 74' lang='lat' dir='ltr'>stupebant,</span> <span class='ocrx_word' id='word_1_44' title='bbox 949 815 1020 868; x_wconf 87' lang='lat' dir='ltr'>inter</span> <span class='ocrx_word' id='word_1_45' title='bbox 1038 828 1068 867; x_wconf 88' lang='lat' dir='ltr'>se</span> <span class='ocrx_word' id='word_1_46' title='bbox 1085 819 1233 868; x_wconf 85' lang='lat' dir='ltr'>tractantes</span> <span class='ocrx_word' id='word_1_47' title='bbox 1245 838 1247 859; x_wconf 78' lang='grc' dir='ltr'>ι</span> 
     </span>
     <span class='ocr_line' id='line_1_6' title="bbox 149 912 1247 981; baseline 0.001 -16"><span class='ocrx_word' id='word_1_48' title='bbox 149 912 326 979; x_wconf 83' lang='lat' dir='ltr'>Theophilus,</span> <span class='ocrx_word' id='word_1_49' title='bbox 348 927 429 981; x_wconf 87' lang='lat' dir='ltr'>quem</span> <span class='ocrx_word' id='word_1_50' title='bbox 451 915 599 980; x_wconf 89' lang='lat' dir='ltr'>imperator</span> <span class='ocrx_word' id='word_1_51' title='bbox 618 915 749 968; x_wconf 78' lang='lat' dir='ltr'>Arcadius</span> <span class='ocrx_word' id='word_1_52' title='bbox 769 915 882 967; x_wconf 88' lang='lat' dir='ltr'>invitum</span> <span class='ocrx_word' id='word_1_53' title='bbox 905 927 937 968; x_wconf 89' lang='lat' dir='ltr'>ac</span> <span class='ocrx_word' id='word_1_54' title='bbox 958 913 1126 981; x_wconf 79' lang='lat' dir='ltr'>singularem</span> <span class='ocrx_word' id='word_1_55' title='bbox 1145 914 1247 980; x_wconf 72' lang='lat' dir='ltr'>iusseri</span> 
     </span>
     <span class='ocr_line' id='line_1_7' title="bbox 150 1012 1243 1079; baseline 0 -14"><span class='ocrx_word' id='word_1_56' title='bbox 150 1013 415 1079; x_wconf 85' lang='lat' dir='ltr'>Constantinopolim</span> <span class='ocrx_word' id='word_1_57' title='bbox 435 1019 466 1066; x_wconf 92' lang='lat' dir='ltr'>ut</span> <span class='ocrx_word' id='word_1_58' title='bbox 487 1027 520 1066; x_wconf 90' lang='lat' dir='ltr'>ex</span> <span class='ocrx_word' id='word_1_59' title='bbox 542 1012 668 1067; x_wconf 87' lang='lat' dir='ltr'>admissis</span> <span class='ocrx_word' id='word_1_60' title='bbox 686 1014 849 1067; x_wconf 81' lang='lat' dir='ltr'>criminibus</span> <span class='ocrx_word' id='word_1_61' title='bbox 869 1014 926 1066; x_wconf 89' lang='lat' dir='ltr'>suis</span> <span class='ocrx_word' id='word_1_62' title='bbox 948 1013 1076 1067; x_wconf 89' lang='lat' dir='ltr'>redderet</span> <span class='ocrx_word' id='word_1_63' title='bbox 1096 1013 1243 1078; x_wconf 87' lang='lat' dir='ltr'>rationem,</span> 
     </span>
     <span class='ocr_line' id='line_1_8' title="bbox 149 1111 1247 1180; baseline -0.002 -14"><span class='ocrx_word' id='word_1_64' title='bbox 149 1111 426 1180; x_wconf 82' lang='lat' dir='ltr'>senissetepiscopis,</span> <span class='ocrx_word' id='word_1_65' title='bbox 439 1118 564 1180; x_wconf 87' lang='lat' dir='ltr'>etquare</span> <span class='ocrx_word' id='word_1_66' title='bbox 584 1119 640 1167; x_wconf 88' lang='lat' dir='ltr'>tam</span> <span class='ocrx_word' id='word_1_67' title='bbox 660 1114 750 1167; x_wconf 92' lang='lat' dir='ltr'>subito</span> <span class='ocrx_word' id='word_1_68' title='bbox 771 1113 887 1166; x_wconf 92' lang='lat' dir='ltr'>nimium</span> <span class='ocrx_word' id='word_1_69' title='bbox 908 1113 991 1166; x_wconf 91' lang='lat' dir='ltr'>corda</span> <span class='ocrx_word' id='word_1_70' title='bbox 1004 1113 1156 1179; x_wconf 91' lang='lat' dir='ltr'>potentium</span> <span class='ocrx_word' id='word_1_71' title='bbox 1175 1118 1203 1166; x_wconf 91' lang='lat' dir='ltr'>et</span> <span class='ocrx_word' id='word_1_72' title='bbox 1215 1113 1247 1166; x_wconf 89' lang='lat' dir='ltr'>ch</span> 
     </span>
     <span class='ocr_line' id='line_1_9' title="bbox 148 1210 1234 1280; baseline -0.001 -15"><span class='ocrx_word' id='word_1_73' title='bbox 148 1210 221 1265; x_wconf 90' lang='lat' dir='ltr'>beati</span> <span class='ocrx_word' id='word_1_74' title='bbox 238 1212 370 1265; x_wconf 82' lang='lat' dir='ltr'>iohannis</span> <span class='ocrx_word' id='word_1_75' title='bbox 392 1211 566 1278; x_wconf 85' lang='lat' dir='ltr'>quorundam</span> <span class='ocrx_word' id='word_1_76' title='bbox 587 1216 784 1266; x_wconf 80' lang='lat' dir='ltr'>commutasset</span> <span class='ocrx_word' id='word_1_77' title='bbox 801 1211 835 1265; x_wconf 89' lang='lat' dir='ltr'>ad</span> <span class='ocrx_word' id='word_1_78' title='bbox 854 1211 1052 1266; x_wconf 76' lang='lat' dir='ltr'>maiumiaiia</span> <span class='ocrx_word' id='word_1_79' title='bbox 1072 1212 1234 1280; x_wconf 81' lang='lat' dir='ltr'>gerentibus</span> 
     </span>
     <span class='ocr_line' id='line_1_10' title="bbox 148 1309 1247 1379; baseline 0 -15"><span class='ocrx_word' id='word_1_80' title='bbox 148 1309 211 1374; x_wconf 89' lang='lat' dir='ltr'>bus,</span> <span class='ocrx_word' id='word_1_81' title='bbox 223 1309 373 1377; x_wconf 86' lang='lat' dir='ltr'>inspiratus</span> <span class='ocrx_word' id='word_1_82' title='bbox 385 1311 516 1364; x_wconf 87' lang='lat' dir='ltr'>divinitus</span> <span class='ocrx_word' id='word_1_83' title='bbox 533 1311 601 1363; x_wconf 84' lang='lat' dir='ltr'>dixit</span> <span class='ocrx_word' id='word_1_84' title='bbox 620 1317 731 1364; x_wconf 84' lang='lat' dir='ltr'>sanctus</span> <span class='ocrx_word' id='word_1_85' title='bbox 742 1312 882 1364; x_wconf 88' lang='lat' dir='ltr'>lohannes</span> <span class='ocrx_word' id='word_1_86' title='bbox 897 1327 903 1363; x_wconf 90' lang='lat'>:</span> <span class='ocrx_word' id='word_1_87' title='bbox 918 1312 999 1378; x_wconf 77' lang='lat' dir='ltr'>Ropo</span> <span class='ocrx_word' id='word_1_88' title='bbox 1013 1324 1076 1379; x_wconf 86' lang='lat' dir='ltr'>vos,</span> <span class='ocrx_word' id='word_1_89' title='bbox 1124 1314 1247 1378; x_wconf 86' lang='lat' dir='ltr'>atres,o</span> 
     </span>
     <span class='ocr_line' id='line_1_11' title="bbox 149 1406 1247 1477; baseline 0.002 -16"><span class='ocrx_word' id='word_1_90' title='bbox 149 1406 205 1461; x_wconf 84' lang='lat' dir='ltr'>bus</span> <span class='ocrx_word' id='word_1_91' title='bbox 216 1408 327 1462; x_wconf 85' lang='lat' dir='ltr'>vestris</span> <span class='ocrx_word' id='word_1_92' title='bbox 338 1421 388 1462; x_wconf 83' lang='lat' dir='ltr'>nee</span> <span class='ocrx_word' id='word_1_93' title='bbox 399 1408 555 1474; x_wconf 56' lang='lat' dir='ltr'>abeunte.</span> <span class='ocrx_word' id='word_1_94' title='bbox 565 1410 704 1477; x_wconf 82' lang='lat' dir='ltr'>Apnosco</span> <span class='ocrx_word' id='word_1_95' title='bbox 716 1422 764 1462; x_wconf 88' lang='lat' dir='ltr'>me</span> <span class='ocrx_word' id='word_1_96' title='bbox 776 1409 993 1463; x_wconf 73' lang='lat' dir='ltr'>tribulationes</span> <span class='ocrx_word' id='word_1_97' title='bbox 1002 1411 1119 1463; x_wconf 83' lang='lat' dir='ltr'>multas</span> <span class='ocrx_word' id='word_1_98' title='bbox 1130 1422 1197 1464; x_wconf 88' lang='lat' dir='ltr'>esse</span> <span class='ocrx_word' id='word_1_99' title='bbox 1203 1422 1247 1477; x_wconf 82' lang='lat' dir='ltr'>pc</span> 
     </span>
     <span class='ocr_line' id='line_1_12' title="bbox 150 1506 1247 1575; baseline 0.001 -15"><span class='ocrx_word' id='word_1_100' title='bbox 150 1506 189 1560; x_wconf 87' lang='lat' dir='ltr'>ab</span> <span class='ocrx_word' id='word_1_101' title='bbox 210 1506 385 1561; x_wconf 76' lang='lat' dir='ltr'>odientibus</span> <span class='ocrx_word' id='word_1_102' title='bbox 403 1520 461 1574; x_wconf 88' lang='lat' dir='ltr'>me,</span> <span class='ocrx_word' id='word_1_103' title='bbox 473 1509 503 1561; x_wconf 88' lang='lat' dir='ltr'>et</span> <span class='ocrx_word' id='word_1_104' title='bbox 524 1507 570 1561; x_wconf 89' lang='lat' dir='ltr'>sic</span> <span class='ocrx_word' id='word_1_105' title='bbox 588 1508 684 1575; x_wconf 83' lang='lat' dir='ltr'>finire</span> <span class='ocrx_word' id='word_1_106' title='bbox 697 1510 894 1575; x_wconf 84' lang='lat' dir='ltr'>praesentem</span> <span class='ocrx_word' id='word_1_107' title='bbox 914 1508 1022 1561; x_wconf 84' lang='lat' dir='ltr'>vitam.</span> <span class='ocrx_word' id='word_1_108' title='bbox 1036 1507 1173 1575; x_wconf 84' lang='lat' dir='ltr'>inspicio</span> <span class='ocrx_word' id='word_1_109' title='bbox 1193 1509 1247 1561; x_wconf 87' lang='lat' dir='ltr'>eni</span> 
     </span>
     <span class='ocr_line' id='line_1_13' title="bbox 148 1603 1247 1674; baseline 0.002 -16"><span class='ocrx_word' id='word_1_110' title='bbox 148 1605 379 1659; x_wconf 79' lang='lat' dir='ltr'>meritissimum</span> <span class='ocrx_word' id='word_1_111' title='bbox 398 1603 540 1671; x_wconf 78' lang='lat' dir='ltr'>furorem</span> <span class='ocrx_word' id='word_1_112' title='bbox 559 1608 699 1673; x_wconf 84' lang='lat' dir='ltr'>satanae,</span> <span class='ocrx_word' id='word_1_113' title='bbox 719 1606 774 1674; x_wconf 81' lang='lat' dir='ltr'>qui</span> <span class='ocrx_word' id='word_1_114' title='bbox 792 1607 976 1660; x_wconf 83' lang='lat' dir='ltr'>nullatenus</span> <span class='ocrx_word' id='word_1_115' title='bbox 996 1606 1109 1672; x_wconf 81' lang='lat' dir='ltr'>suffert</span> <span class='ocrx_word' id='word_1_116' title='bbox 1128 1619 1247 1660; x_wconf 88' lang='lat' dir='ltr'>sermon</span> 
     </span>
     <span class='ocr_line' id='line_1_14' title="bbox 150 1705 1247 1774; baseline -0.001 -13"><span class='ocrx_word' id='word_1_117' title='bbox 150 1708 263 1761; x_wconf 83' lang='lat' dir='ltr'>contra</span> <span class='ocrx_word' id='word_1_118' title='bbox 276 1705 380 1773; x_wconf 88' lang='lat' dir='ltr'>ipsum</span> <span class='ocrx_word' id='word_1_119' title='bbox 393 1705 487 1773; x_wconf 84' lang='lat' dir='ltr'>facio.</span> <span class='ocrx_word' id='word_1_120' title='bbox 500 1707 539 1760; x_wconf 78' lang='lat' dir='ltr'>hd</span> <span class='ocrx_word' id='word_1_121' title='bbox 552 1707 620 1760; x_wconf 84' lang='lat' dir='ltr'>haec</span> <span class='ocrx_word' id='word_1_122' title='bbox 634 1708 680 1774; x_wconf 84' lang='lat' dir='ltr'>qui</span> <span class='ocrx_word' id='word_1_123' title='bbox 696 1706 811 1760; x_wconf 90' lang='lat' dir='ltr'>aderant</span> <span class='ocrx_word' id='word_1_124' title='bbox 822 1707 910 1760; x_wconf 85' lang='lat' dir='ltr'>afflicti</span> <span class='ocrx_word' id='word_1_125' title='bbox 923 1707 1146 1760; x_wconf 87' lang='lat' dir='ltr'>lacrimabantur.</span> <span class='ocrx_word' id='word_1_126' title='bbox 1160 1708 1247 1772; x_wconf 86' lang='lat' dir='ltr'>Quibu</span> 
     </span>
     <span class='ocr_line' id='line_1_15' title="bbox 152 1805 1247 1875; baseline 0.002 -18"><span class='ocrx_word' id='word_1_127' title='bbox 152 1805 221 1858; x_wconf 90' lang='lat' dir='ltr'>sime</span> <span class='ocrx_word' id='word_1_128' title='bbox 233 1805 364 1864; x_wconf 86' lang='lat' dir='ltr'>dentibus</span> <span class='ocrx_word' id='word_1_129' title='bbox 376 1806 541 1859; x_wconf 81' lang='lat' dir='ltr'>fortissimus</span> <span class='ocrx_word' id='word_1_130' title='bbox 553 1807 595 1859; x_wconf 90' lang='lat' dir='ltr'>vir</span> <span class='ocrx_word' id='word_1_131' title='bbox 610 1807 750 1859; x_wconf 87' lang='lat' dir='ltr'>lohannes</span> <span class='ocrx_word' id='word_1_132' title='bbox 762 1807 800 1859; x_wconf 91' lang='lat' dir='ltr'>ait</span> <span class='ocrx_word' id='word_1_133' title='bbox 812 1822 819 1858; x_wconf 78' lang='lat' dir='ltr'><em>z</em></span> <span class='ocrx_word' id='word_1_134' title='bbox 833 1807 935 1860; x_wconf 86' lang='lat' dir='ltr'>Nolite</span> <span class='ocrx_word' id='word_1_135' title='bbox 951 1807 1029 1873; x_wconf 77' lang='lat' dir='ltr'>llere</span> <span class='ocrx_word' id='word_1_136' title='bbox 1044 1807 1195 1873; x_wconf 80' lang='lat' dir='ltr'>amplius,</span> <span class='ocrx_word' id='word_1_137' title='bbox 1209 1808 1247 1875; x_wconf 72' lang='lat' dir='ltr'>as,</span> 
     </span>
     <span class='ocr_line' id='line_1_16' title="bbox 150 1904 1247 1972; baseline 0.001 -15"><span class='ocrx_word' id='word_1_138' title='bbox 150 1917 209 1958; x_wconf 88' lang='lat' dir='ltr'>me.</span> <span class='ocrx_word' id='word_1_139' title='bbox 222 1904 346 1972; x_wconf 83' lang='lat' dir='ltr'>Semper</span> <span class='ocrx_word' id='word_1_140' title='bbox 369 1904 511 1960; x_wconf 81' lang='lat' dir='ltr'>cbristus</span> <span class='ocrx_word' id='word_1_141' title='bbox 530 1906 596 1959; x_wconf 87' lang='lat' dir='ltr'>uita</span> <span class='ocrx_word' id='word_1_142' title='bbox 616 1904 696 1958; x_wconf 87' lang='lat' dir='ltr'>mibi</span> <span class='ocrx_word' id='word_1_143' title='bbox 715 1908 745 1958; x_wconf 93' lang='lat' dir='ltr'>et</span> <span class='ocrx_word' id='word_1_144' title='bbox 764 1905 872 1959; x_wconf 87' lang='lat' dir='ltr'>cornis</span> <span class='ocrx_word' id='word_1_145' title='bbox 893 1918 981 1958; x_wconf 87' lang='lat' dir='ltr'>meae</span> <span class='ocrx_word' id='word_1_146' title='bbox 998 1917 1081 1959; x_wconf 88' lang='lat' dir='ltr'>mors</span> <span class='ocrx_word' id='word_1_147' title='bbox 1100 1906 1247 1959; x_wconf 82' lang='lat' dir='ltr'>liccrume</span> 
     </span>
     <span class='ocr_line' id='line_1_17' title="bbox 153 2004 1236 2072; baseline 0 -15"><span class='ocrx_word' id='word_1_148' title='bbox 153 2004 387 2071; x_wconf 83' lang='lat' dir='ltr'>Paratussum,</span> <span class='ocrx_word' id='word_1_149' title='bbox 400 2005 460 2057; x_wconf 88' lang='lat' dir='ltr'>Deo</span> <span class='ocrx_word' id='word_1_150' title='bbox 478 2005 580 2071; x_wconf 79' lang='lat' dir='ltr'>pratis</span> <span class='ocrx_word' id='word_1_151' title='bbox 593 2005 737 2072; x_wconf 72' lang='lat' dir='ltr'>iuvante,</span> <span class='ocrx_word' id='word_1_152' title='bbox 750 2016 854 2058; x_wconf 88' lang='lat' dir='ltr'>omnes</span> <span class='ocrx_word' id='word_1_153' title='bbox 874 2004 1075 2057; x_wconf 79' lang='lat' dir='ltr'>detestandas</span> <span class='ocrx_word' id='word_1_154' title='bbox 1096 2005 1236 2069; x_wconf 58' lang='lat' dir='ltr'>isaurios</span> 
     </span>
     <span class='ocr_line' id='line_1_18' title="bbox 153 2102 1247 2170; baseline -0.001 -14"><span class='ocrx_word' id='word_1_155' title='bbox 153 2103 328 2157; x_wconf 70' lang='lat' dir='ltr'>acemimcs</span> <span class='ocrx_word' id='word_1_156' title='bbox 334 2102 409 2169; x_wconf 83' lang='lat' dir='ltr'>pati</span> <span class='ocrx_word' id='word_1_157' title='bbox 421 2116 459 2157; x_wconf 85' lang='lat' dir='ltr'>cc</span> <span class='ocrx_word' id='word_1_158' title='bbox 471 2103 552 2157; x_wconf 88' lang='lat' dir='ltr'>mori</span> <span class='ocrx_word' id='word_1_159' title='bbox 568 2105 699 2170; x_wconf 83' lang='lat' dir='ltr'>propter</span> <span class='ocrx_word' id='word_1_160' title='bbox 720 2104 776 2156; x_wconf 87' lang='lat' dir='ltr'>Dei</span> <span class='ocrx_word' id='word_1_161' title='bbox 795 2115 942 2157; x_wconf 87' lang='lat' dir='ltr'>amorem.</span> <span class='ocrx_word' id='word_1_162' title='bbox 957 2103 1178 2158; x_wconf 82' lang='lat' dir='ltr'>Recordamini</span> <span class='ocrx_word' id='word_1_163' title='bbox 1197 2103 1247 2156; x_wconf 83' lang='lat' dir='ltr'>clia</span> 
     </span>
     <span class='ocr_line' id='line_1_19' title="bbox 154 2201 1247 2269; baseline -0.001 -15"><span class='ocrx_word' id='word_1_164' title='bbox 154 2201 260 2257; x_wconf 88' lang='lat' dir='ltr'>vobis:</span> <span class='ocrx_word' id='word_1_165' title='bbox 278 2202 334 2255; x_wconf 86' lang='lat' dir='ltr'>Via</span> <span class='ocrx_word' id='word_1_166' title='bbox 347 2203 552 2268; x_wconf 84' lang='lat' dir='ltr'>estproesens</span> <span class='ocrx_word' id='word_1_167' title='bbox 564 2203 640 2266; x_wconf 84' lang='lat' dir='ltr'>vita,</span> <span class='ocrx_word' id='word_1_168' title='bbox 653 2205 683 2255; x_wconf 89' lang='lat' dir='ltr'>ct</span> <span class='ocrx_word' id='word_1_169' title='bbox 694 2202 806 2255; x_wconf 85' lang='lat' dir='ltr'>suavia</span> <span class='ocrx_word' id='word_1_170' title='bbox 826 2204 892 2269; x_wconf 72' lang='lat' dir='ltr'>eires</span> <span class='ocrx_word' id='word_1_171' title='bbox 912 2205 942 2255; x_wconf 87' lang='lat' dir='ltr'>et</span> <span class='ocrx_word' id='word_1_172' title='bbox 959 2203 1074 2269; x_wconf 77' lang='lat' dir='ltr'>procia</span> <span class='ocrx_word' id='word_1_173' title='bbox 1086 2202 1146 2257; x_wconf 90' lang='lat' dir='ltr'>cito</span> <span class='ocrx_word' id='word_1_174' title='bbox 1154 2205 1247 2269; x_wconf 85' lang='lat' dir='ltr'>perir</span> 
     </span>
     <span class='ocr_line' id='line_1_20' title="bbox 153 2301 1247 2370; baseline 0.001 -16"><span class='ocrx_word' id='word_1_175' title='bbox 153 2304 185 2355; x_wconf 88' lang='lat' dir='ltr'>et</span> <span class='ocrx_word' id='word_1_176' title='bbox 201 2302 289 2355; x_wconf 88' lang='lat' dir='ltr'>velut</span> <span class='ocrx_word' id='word_1_177' title='bbox 307 2302 471 2356; x_wconf 84' lang='lat' dir='ltr'>nundinae</span> <span class='ocrx_word' id='word_1_178' title='bbox 489 2305 564 2355; x_wconf 89' lang='lat' dir='ltr'>sunt</span> <span class='ocrx_word' id='word_1_179' title='bbox 575 2304 689 2357; x_wconf 84' lang='lat' dir='ltr'>cuncta</span> <span class='ocrx_word' id='word_1_180' title='bbox 705 2302 901 2370; x_wconf 86' lang='lat' dir='ltr'>praesentia.</span> <span class='ocrx_word' id='word_1_181' title='bbox 919 2301 1095 2367; x_wconf 86' lang='lat' dir='ltr'>Vendimns,</span> <span class='ocrx_word' id='word_1_182' title='bbox 1108 2302 1247 2370; x_wconf 79' lang='lat' dir='ltr'>emimus,</span> 
     </span>
     <span class='ocr_line' id='line_1_21' title="bbox 153 2401 1247 2469; baseline 0.002 -16"><span class='ocrx_word' id='word_1_183' title='bbox 153 2412 231 2454; x_wconf 87' lang='lat' dir='ltr'>mus.</span> <span class='ocrx_word' id='word_1_184' title='bbox 245 2401 330 2454; x_wconf 89' lang='lat' dir='ltr'>Nnm</span> <span class='ocrx_word' id='word_1_185' title='bbox 337 2402 528 2467; x_wconf 84' lang='lat' dir='ltr'>potentiores</span> <span class='ocrx_word' id='word_1_186' title='bbox 540 2415 650 2454; x_wconf 88' lang='lat' dir='ltr'>sumus</span> <span class='ocrx_word' id='word_1_187' title='bbox 663 2401 780 2454; x_wconf 85' lang='lat' dir='ltr'>sanctis</span> <span class='ocrx_word' id='word_1_188' title='bbox 787 2401 994 2469; x_wconf 85' lang='lat' dir='ltr'>patriarchis,</span> <span class='ocrx_word' id='word_1_189' title='bbox 1003 2401 1166 2468; x_wconf 83' lang='lat' dir='ltr'>prophetis</span> <span class='ocrx_word' id='word_1_190' title='bbox 1184 2405 1215 2455; x_wconf 89' lang='lat' dir='ltr'>et</span> <span class='ocrx_word' id='word_1_191' title='bbox 1231 2416 1247 2455; x_wconf 86' lang='lat' dir='ltr'>a</span> 
     </span>
     <span class='ocr_line' id='line_1_22' title="bbox 157 2499 1247 2568; baseline -0.003 -12"><span class='ocrx_word' id='word_1_192' title='bbox 157 2499 283 2566; x_wconf 82' lang='lat' dir='ltr'>Christi,</span> <span class='ocrx_word' id='word_1_193' title='bbox 296 2502 332 2553; x_wconf 86' lang='lat' dir='ltr'>ut</span> <span class='ocrx_word' id='word_1_194' title='bbox 345 2500 535 2554; x_wconf 86' lang='lat' dir='ltr'>immortalis</span> <span class='ocrx_word' id='word_1_195' title='bbox 542 2503 730 2568; x_wconf 85' lang='lat' dir='ltr'>permaneat</span> <span class='ocrx_word' id='word_1_196' title='bbox 747 2500 834 2554; x_wconf 89' lang='lat' dir='ltr'>nobis</span> <span class='ocrx_word' id='word_1_197' title='bbox 847 2499 922 2554; x_wconf 82' lang='lat' dir='ltr'>baec</span> <span class='ocrx_word' id='word_1_198' title='bbox 933 2500 1000 2554; x_wconf 85' lang='lat' dir='ltr'>vita</span> <span class='ocrx_word' id='word_1_199' title='bbox 1010 2501 1023 2554; x_wconf 82' lang='lat' dir='ltr'>i</span> <span class='ocrx_word' id='word_1_200' title='bbox 1035 2501 1146 2554; x_wconf 86' lang='lat' dir='ltr'>titulans</span> <span class='ocrx_word' id='word_1_201' title='bbox 1158 2506 1247 2554; x_wconf 88' lang='lat' dir='ltr'>autem</span> 
     </span>
     <span class='ocr_line' id='line_1_23' title="bbox 153 2597 1247 2675; baseline 0 -23"><span class='ocrx_word' id='word_1_202' title='bbox 153 2599 189 2652; x_wconf 88' lang='lat' dir='ltr'>do</span> <span class='ocrx_word' id='word_1_203' title='bbox 209 2598 399 2664; x_wconf 88' lang='lat' dir='ltr'>praesentibus</span> <span class='ocrx_word' id='word_1_204' title='bbox 418 2597 488 2651; x_wconf 86' lang='lat' dir='ltr'>dixit</span> <span class='ocrx_word' id='word_1_205' title='bbox 510 2614 516 2651; x_wconf 96' lang='lat'><strong>:</strong></span> <span class='ocrx_word' id='word_1_206' title='bbox 539 2598 760 2652; x_wconf 82' lang='lat' dir='ltr'>Lamentamus</span> <span class='ocrx_word' id='word_1_207' title='bbox 779 2600 921 2652; x_wconf 89' lang='lat' dir='ltr'>nostram</span> <span class='ocrx_word' id='word_1_208' title='bbox 943 2598 1176 2665; x_wconf 85' lang='lat' dir='ltr'>desolationem,</span> <span class='ocrx_word' id='word_1_209' title='bbox 1198 2600 1247 2675; x_wconf 81' lang='lat' dir='ltr'>oiri</span> 
     </span>
     <span class='ocr_line' id='line_1_24' title="bbox 153 2697 1247 2765; baseline 0 -14"><span class='ocrx_word' id='word_1_210' title='bbox 153 2697 310 2765; x_wconf 83' lang='lat' dir='ltr'>ecclesiae,</span> <span class='ocrx_word' id='word_1_211' title='bbox 323 2700 531 2751; x_wconf 85' lang='lat' dir='ltr'>reseratorem</span> <span class='ocrx_word' id='word_1_212' title='bbox 544 2697 701 2763; x_wconf 82' lang='lat' dir='ltr'>justitiae,</span> <span class='ocrx_word' id='word_1_213' title='bbox 717 2698 893 2751; x_wconf 86' lang='lat' dir='ltr'>innocentes</span> <span class='ocrx_word' id='word_1_214' title='bbox 913 2697 1095 2751; x_wconf 85' lang='lat' dir='ltr'>violentiam</span> <span class='ocrx_word' id='word_1_215' title='bbox 1110 2710 1247 2764; x_wconf 81' lang='lat' dir='ltr'>passuro</span> 
     </span>
     <span class='ocr_line' id='line_1_25' title="bbox 153 2790 1248 2864; baseline 0.001 -15"><span class='ocrx_word' id='word_1_216' title='bbox 153 2790 329 2850; x_wconf 85' lang='lat' dir='ltr'>timentibus</span> <span class='ocrx_word' id='word_1_217' title='bbox 350 2797 456 2864; x_wconf 89' lang='lat' dir='ltr'>Deum,</span> <span class='ocrx_word' id='word_1_218' title='bbox 468 2797 627 2863; x_wconf 75' lang='lat' dir='ltr'>epentinm</span> <span class='ocrx_word' id='word_1_219' title='bbox 643 2796 759 2849; x_wconf 87' lang='lat' dir='ltr'>victum</span> <span class='ocrx_word' id='word_1_220' title='bbox 771 2799 802 2849; x_wconf 88' lang='lat' dir='ltr'>et</span> <span class='ocrx_word' id='word_1_221' title='bbox 812 2796 957 2849; x_wconf 86' lang='lat' dir='ltr'>vestitum</span> <span class='ocrx_word' id='word_1_222' title='bbox 975 2796 1179 2864; x_wconf 77' lang='lat' dir='ltr'>deficientem,</span> <span class='ocrx_word' id='word_1_223' title='bbox 1187 2797 1248 2863; x_wconf 80' lang='lat' dir='ltr'>pia</span> 
     </span>
     <span class='ocr_line' id='line_1_26' title="bbox 153 2895 1238 2964; baseline -0.001 -15"><span class='ocrx_word' id='word_1_224' title='bbox 153 2895 247 2949; x_wconf 85' lang='lat' dir='ltr'>tionis</span> <span class='ocrx_word' id='word_1_225' title='bbox 267 2895 478 2950; x_wconf 85' lang='lat' dir='ltr'>cessationem.</span> <span class='ocrx_word' id='word_1_226' title='bbox 499 2897 575 2948; x_wconf 87' lang='lat' dir='ltr'>Tunc</span> <span class='ocrx_word' id='word_1_227' title='bbox 595 2901 705 2949; x_wconf 84' lang='lat' dir='ltr'>sanctus</span> <span class='ocrx_word' id='word_1_228' title='bbox 726 2897 846 2964; x_wconf 78' lang='lat' dir='ltr'>cogitans</span> <span class='ocrx_word' id='word_1_229' title='bbox 868 2896 983 2948; x_wconf 81' lang='lat' dir='ltr'>feriebat</span> <span class='ocrx_word' id='word_1_230' title='bbox 1002 2895 1085 2964; x_wconf 80' lang='lat' dir='ltr'>digito</span> <span class='ocrx_word' id='word_1_231' title='bbox 1110 2896 1238 2949; x_wconf 87' lang='lat' dir='ltr'>dexterae</span> 
     </span>
     <span class='ocr_line' id='line_1_27' title="bbox 153 2994 1234 3061; baseline -0.001 -13"><span class='ocrx_word' id='word_1_232' title='bbox 153 2994 280 3048; x_wconf 86' lang='lat' dir='ltr'>sinistrae</span> <span class='ocrx_word' id='word_1_233' title='bbox 293 3007 391 3047; x_wconf 90' lang='lat' dir='ltr'>manus</span> <span class='ocrx_word' id='word_1_234' title='bbox 403 3008 469 3048; x_wconf 88' lang='lat' dir='ltr'>suae</span> <span class='ocrx_word' id='word_1_235' title='bbox 483 3010 490 3046; x_wconf 95' lang='lat'><strong>:</strong></span> <span class='ocrx_word' id='word_1_236' title='bbox 504 3001 683 3048; x_wconf 87' lang='lat' dir='ltr'>consueverat</span> <span class='ocrx_word' id='word_1_237' title='bbox 696 2996 769 3047; x_wconf 90' lang='lat' dir='ltr'>enim</span> <span class='ocrx_word' id='word_1_238' title='bbox 782 2995 854 3047; x_wconf 91' lang='lat' dir='ltr'>idem</span> <span class='ocrx_word' id='word_1_239' title='bbox 868 2995 972 3047; x_wconf 88' lang='lat' dir='ltr'>amicus</span> <span class='ocrx_word' id='word_1_240' title='bbox 981 2995 1092 3061; x_wconf 79' lang='lat' dir='ltr'>¹Christi,</span> <span class='ocrx_word' id='word_1_241' title='bbox 1105 2996 1234 3061; x_wconf 88' lang='lat' dir='ltr'>quotiens</span> 
     </span>
     <span class='ocr_line' id='line_1_28' title="bbox 152 3090 1243 3160; baseline -0.001 -14"><span class='ocrx_word' id='word_1_242' title='bbox 152 3092 259 3160; x_wconf 87' lang='lat' dir='ltr'>aliquid</span> <span class='ocrx_word' id='word_1_243' title='bbox 271 3093 300 3144; x_wconf 92' lang='lat' dir='ltr'>in</span> <span class='ocrx_word' id='word_1_244' title='bbox 314 3097 405 3146; x_wconf 88' lang='lat' dir='ltr'>mente</span> <span class='ocrx_word' id='word_1_245' title='bbox 418 3106 479 3155; x_wconf 81' lang='lat' dir='ltr'>sua,</span> <span class='ocrx_word' id='word_1_246' title='bbox 491 3094 543 3146; x_wconf 94' lang='lat' dir='ltr'>hoc</span> <span class='ocrx_word' id='word_1_247' title='bbox 554 3094 661 3159; x_wconf 81' lang='lat' dir='ltr'>iacere3</span> <span class='ocrx_word' id='word_1_248' title='bbox 675 3092 798 3160; x_wconf 82' lang='lat' dir='ltr'>dixitque</span> <span class='ocrx_word' id='word_1_249' title='bbox 810 3092 844 3145; x_wconf 92' lang='lat' dir='ltr'>ad</span> <span class='ocrx_word' id='word_1_250' title='bbox 857 3093 1015 3159; x_wconf 82' lang='lat' dir='ltr'>toquentem</span> <span class='ocrx_word' id='word_1_251' title='bbox 1030 3091 1174 3159; x_wconf 70' lang='lat' dir='ltr'>:Sufficit</span> <span class='ocrx_word' id='word_1_252' title='bbox 1188 3090 1243 3158; x_wconf 78' lang='lat' dir='ltr'>fra</span> 
     </span>
     <span class='ocr_line' id='line_1_29' title="bbox 152 3190 1247 3260; baseline -0.002 -14"><span class='ocrx_word' id='word_1_253' title='bbox 152 3191 237 3246; x_wconf 89' lang='lat' dir='ltr'>enim</span> <span class='ocrx_word' id='word_1_254' title='bbox 251 3204 314 3259; x_wconf 82' lang='lat' dir='ltr'>per</span> <span class='ocrx_word' id='word_1_255' title='bbox 333 3204 381 3245; x_wconf 92' lang='lat' dir='ltr'>me</span> <span class='ocrx_word' id='word_1_256' title='bbox 401 3194 569 3258; x_wconf 82' lang='lat' dir='ltr'>coeperunt</span> <span class='ocrx_word' id='word_1_257' title='bbox 589 3204 655 3244; x_wconf 88' lang='lat' dir='ltr'>esse</span> <span class='ocrx_word' id='word_1_258' title='bbox 674 3191 762 3260; x_wconf 88' lang='lat' dir='ltr'>bona,</span> <span class='ocrx_word' id='word_1_259' title='bbox 776 3204 832 3245; x_wconf 88' lang='lat' dir='ltr'>nec</span> <span class='ocrx_word' id='word_1_260' title='bbox 838 3203 899 3258; x_wconf 84' lang='lat' dir='ltr'>per</span> <span class='ocrx_word' id='word_1_261' title='bbox 910 3204 959 3244; x_wconf 88' lang='lat' dir='ltr'>me</span> <span class='ocrx_word' id='word_1_262' title='bbox 975 3190 1137 3258; x_wconf 83' lang='lat' dir='ltr'>finientur.</span> <span class='ocrx_word' id='word_1_263' title='bbox 1152 3192 1200 3244; x_wconf 75' lang='lat' dir='ltr'>un</span> <span class='ocrx_word' id='word_1_264' title='bbox 1212 3206 1247 3258; x_wconf 82' lang='lat' dir='ltr'>qu</span> 
     </span>
     <span class='ocr_line' id='line_1_30' title="bbox 154 3290 1247 3358; baseline 0 -15"><span class='ocrx_word' id='word_1_265' title='bbox 154 3303 244 3358; x_wconf 70' lang='lat' dir='ltr'>quan</span> <span class='ocrx_word' id='word_1_266' title='bbox 255 3293 285 3343; x_wconf 88' lang='lat' dir='ltr'>et</span> <span class='ocrx_word' id='word_1_267' title='bbox 297 3290 331 3343; x_wconf 90' lang='lat' dir='ltr'>in</span> <span class='ocrx_word' id='word_1_268' title='bbox 341 3303 399 3357; x_wconf 80' lang='lat' dir='ltr'>quo</span> <span class='ocrx_word' id='word_1_269' title='bbox 410 3290 712 3357; x_wconf 81' lang='lat' dir='ltr'>suntomnia,jumla</span> <span class='ocrx_word' id='word_1_270' title='bbox 721 3303 833 3344; x_wconf 87' lang='lat' dir='ltr'>sacrae</span> <span class='ocrx_word' id='word_1_271' title='bbox 841 3291 1023 3357; x_wconf 74' lang='lat' dir='ltr'>scripturae</span> <span class='ocrx_word' id='word_1_272' title='bbox 1031 3291 1204 3357; x_wconf 76' lang='lat' dir='ltr'>ceritatem,</span> <span class='ocrx_word' id='word_1_273' title='bbox 1211 3304 1247 3357; x_wconf 81' lang='lat' dir='ltr'>pe</span> 
     </span>
     <span class='ocr_line' id='line_1_31' title="bbox 153 3388 1233 3456; baseline -0.003 -13"><span class='ocrx_word' id='word_1_274' title='bbox 153 3391 182 3443; x_wconf 87' lang='lat' dir='ltr'>et</span> <span class='ocrx_word' id='word_1_275' title='bbox 196 3389 231 3441; x_wconf 85' lang='lat' dir='ltr'>in</span> <span class='ocrx_word' id='word_1_276' title='bbox 242 3389 310 3456; x_wconf 83' lang='lat' dir='ltr'>s&#39;pso</span> <span class='ocrx_word' id='word_1_277' title='bbox 317 3388 557 3456; x_wconf 84' lang='lat' dir='ltr'>permanebunt.</span> <span class='ocrx_word' id='word_1_278' title='bbox 570 3388 697 3455; x_wconf 73' lang='lat' dir='ltr'>Euristus,</span> <span class='ocrx_word' id='word_1_279' title='bbox 710 3390 838 3455; x_wconf 74' lang='lat' dir='ltr'>apamiae</span> <span class='ocrx_word' id='word_1_280' title='bbox 856 3390 995 3455; x_wconf 78' lang='lat' dir='ltr'>bithyniae</span> <span class='ocrx_word' id='word_1_281' title='bbox 1013 3390 1131 3455; x_wconf 86' lang='lat' dir='ltr'>praesui.</span> <span class='ocrx_word' id='word_1_282' title='bbox 1145 3390 1213 3441; x_wconf 81' lang='lat' dir='ltr'>dixit</span> <span class='ocrx_word' id='word_1_283' title='bbox 1227 3406 1233 3440; x_wconf 84' lang='lat' dir='ltr'><strong><em>z</em></strong></span> 
     </span>
     <span class='ocr_line' id='line_1_32' title="bbox 154 3487 1247 3554; baseline -0.002 -12"><span class='ocrx_word' id='word_1_284' title='bbox 154 3487 303 3554; x_wconf 77' lang='lat' dir='ltr'>capedine</span> <span class='ocrx_word' id='word_1_285' title='bbox 322 3487 492 3554; x_wconf 79' lang='lat' dir='ltr'>unicuique</span> <span class='ocrx_word' id='word_1_286' title='bbox 510 3490 653 3541; x_wconf 86' lang='lat' dir='ltr'>nostrum</span> <span class='ocrx_word' id='word_1_287' title='bbox 667 3488 798 3554; x_wconf 84' lang='lat' dir='ltr'>proprio</span> <span class='ocrx_word' id='word_1_288' title='bbox 814 3490 1004 3554; x_wconf 77' lang='lat' dir='ltr'>praesulatu</span> <span class='ocrx_word' id='word_1_289' title='bbox 1021 3500 1149 3553; x_wconf 71' lang='lat' dir='ltr'>carere,</span> <span class='ocrx_word' id='word_1_290' title='bbox 1162 3501 1247 3554; x_wconf 82' lang='lat' dir='ltr'>quem</span> 
     </span>
     <span class='ocr_line' id='line_1_33' title="bbox 153 3584 1247 3652; baseline -0.001 -12"><span class='ocrx_word' id='word_1_291' title='bbox 153 3584 268 3640; x_wconf 82' lang='lat' dir='ltr'>euobis</span> <span class='ocrx_word' id='word_1_292' title='bbox 281 3588 386 3639; x_wconf 87' lang='lat' dir='ltr'>tenere</span> <span class='ocrx_word' id='word_1_293' title='bbox 402 3584 546 3649; x_wconf 88' lang='lat' dir='ltr'>voluerit,</span> <span class='ocrx_word' id='word_1_294' title='bbox 559 3585 737 3652; x_wconf 83' lang='lat' dir='ltr'>compulsus</span> <span class='ocrx_word' id='word_1_295' title='bbox 758 3585 997 3640; x_wconf 81' lang='lat' dir='ltr'>communicabit</span> <span class='ocrx_word' id='word_1_296' title='bbox 1018 3584 1247 3639; x_wconf 69' lang='lat' dir='ltr'>adomsantibu</span> 
     </span>
     <span class='ocr_line' id='line_1_34' title="bbox 152 3682 1247 3750; baseline -0.002 -12"><span class='ocrx_word' id='word_1_297' title='bbox 152 3683 323 3739; x_wconf 69' lang='lat' dir='ltr'>subscribet</span> <span class='ocrx_word' id='word_1_298' title='bbox 336 3683 371 3736; x_wconf 86' lang='lat' dir='ltr'>in</span> <span class='ocrx_word' id='word_1_299' title='bbox 382 3684 593 3737; x_wconf 81' lang='lat' dir='ltr'>destructione</span> <span class='ocrx_word' id='word_1_300' title='bbox 606 3683 654 3736; x_wconf 89' lang='lat' dir='ltr'>tui</span> <span class='ocrx_word' id='word_1_301' title='bbox 665 3682 791 3737; x_wconf 83' lang='lat' dir='ltr'>honoris</span> <span class='ocrx_word' id='word_1_302' title='bbox 803 3687 897 3750; x_wconf 82' lang='lat' dir='ltr'>atque</span> <span class='ocrx_word' id='word_1_303' title='bbox 908 3685 943 3736; x_wconf 89' lang='lat' dir='ltr'>in</span> <span class='ocrx_word' id='word_1_304' title='bbox 955 3687 1008 3737; x_wconf 86' lang='lat' dir='ltr'>tuo</span> <span class='ocrx_word' id='word_1_305' title='bbox 1019 3684 1125 3738; x_wconf 81' lang='lat' dir='ltr'>cecilio.</span> <span class='ocrx_word' id='word_1_306' title='bbox 1137 3685 1247 3737; x_wconf 80' lang='lat' dir='ltr'>Eminet</span> 
     </span>
     <span class='ocr_line' id='line_1_35' title="bbox 152 3782 1247 3849; baseline 0 -12"><span class='ocrx_word' id='word_1_307' title='bbox 152 3784 190 3837; x_wconf 88' lang='lat' dir='ltr'>sis</span> <span class='ocrx_word' id='word_1_308' title='bbox 202 3783 318 3837; x_wconf 83' lang='lat' dir='ltr'>eximius</span> <span class='ocrx_word' id='word_1_309' title='bbox 337 3782 432 3837; x_wconf 91' lang='lat' dir='ltr'>doctor</span> <span class='ocrx_word' id='word_1_310' title='bbox 443 3783 584 3836; x_wconf 90' lang='lat' dir='ltr'>lohannes</span> <span class='ocrx_word' id='word_1_311' title='bbox 596 3783 652 3835; x_wconf 91' lang='lat' dir='ltr'>ait:</span> <span class='ocrx_word' id='word_1_312' title='bbox 668 3783 863 3849; x_wconf 85' lang='lat' dir='ltr'>Participate</span> <span class='ocrx_word' id='word_1_313' title='bbox 881 3783 1053 3838; x_wconf 80' lang='lat' dir='ltr'>contrariis</span> <span class='ocrx_word' id='word_1_314' title='bbox 1064 3783 1149 3836; x_wconf 83' lang='lat' dir='ltr'>&#39;meis</span> <span class='ocrx_word' id='word_1_315' title='bbox 1163 3784 1195 3835; x_wconf 89' lang='lat' dir='ltr'>in</span> <span class='ocrx_word' id='word_1_316' title='bbox 1211 3785 1247 3837; x_wconf 90' lang='lat' dir='ltr'>ill</span> 
     </span>
     <span class='ocr_line' id='line_1_36' title="bbox 153 3881 1247 3950; baseline 0 -15"><span class='ocrx_word' id='word_1_317' title='bbox 153 3895 233 3950; x_wconf 80' lang='lat' dir='ltr'>quae</span> <span class='ocrx_word' id='word_1_318' title='bbox 253 3881 434 3948; x_wconf 76' lang='lat' dir='ltr'>enpediunt,</span> <span class='ocrx_word' id='word_1_319' title='bbox 447 3893 487 3934; x_wconf 89' lang='lat' dir='ltr'>ue</span> <span class='ocrx_word' id='word_1_320' title='bbox 507 3881 697 3935; x_wconf 83' lang='lat' dir='ltr'>scindantur</span> <span class='ocrx_word' id='word_1_321' title='bbox 716 3882 872 3936; x_wconf 87' lang='lat' dir='ltr'>ecclesiae.</span> <span class='ocrx_word' id='word_1_322' title='bbox 885 3882 1079 3935; x_wconf 73' lang='lat' dir='ltr'>alienamini</span> <span class='ocrx_word' id='word_1_323' title='bbox 1098 3885 1204 3935; x_wconf 86' lang='lat' dir='ltr'>tamen</span> <span class='ocrx_word' id='word_1_324' title='bbox 1227 3897 1247 3935; x_wconf 86' lang='lat' dir='ltr'>a</span> 
     </span>
     <span class='ocr_line' id='line_1_37' title="bbox 153 3970 1247 4048; baseline -0.001 -15"><span class='ocrx_word' id='word_1_325' title='bbox 153 3970 225 4033; x_wconf 77' lang='lat' dir='ltr'>ntea</span> <span class='ocrx_word' id='word_1_326' title='bbox 243 3979 411 4046; x_wconf 78' lang='lat' dir='ltr'>dejectione</span> <span class='ocrx_word' id='word_1_327' title='bbox 428 3982 457 4032; x_wconf 92' lang='lat' dir='ltr'>et</span> <span class='ocrx_word' id='word_1_328' title='bbox 474 3991 537 4033; x_wconf 89' lang='lat' dir='ltr'>non</span> <span class='ocrx_word' id='word_1_329' title='bbox 554 3978 737 4033; x_wconf 86' lang='lat' dir='ltr'>subscribite</span> <span class='ocrx_word' id='word_1_330' title='bbox 748 3980 781 4031; x_wconf 91' lang='lat' dir='ltr'>in</span> <span class='ocrx_word' id='word_1_331' title='bbox 802 3993 848 4048; x_wconf 87' lang='lat' dir='ltr'>ea,</span> <span class='ocrx_word' id='word_1_332' title='bbox 862 3981 905 4033; x_wconf 86' lang='lat' dir='ltr'>ad</span> <span class='ocrx_word' id='word_1_333' title='bbox 916 3993 1012 4047; x_wconf 83' lang='lat' dir='ltr'>quam</span> <span class='ocrx_word' id='word_1_334' title='bbox 1019 3980 1208 4047; x_wconf 84' lang='lat' dir='ltr'>patiendam</span> <span class='ocrx_word' id='word_1_335' title='bbox 1221 3982 1247 4033; x_wconf 85' lang='lat' dir='ltr'>in</span> 
     </span>
     <span class='ocr_line' id='line_1_38' title="bbox 152 4077 443 4146; baseline 0 -14"><span class='ocrx_word' id='word_1_336' title='bbox 152 4077 294 4133; x_wconf 85' lang='lat' dir='ltr'>arbitror</span> <span class='ocrx_word' id='word_1_337' title='bbox 305 4090 354 4132; x_wconf 90' lang='lat' dir='ltr'>me</span> <span class='ocrx_word' id='word_1_338' title='bbox 365 4077 443 4146; x_wconf 79' lang='lat' dir='ltr'>fore.</span> 
     </span>
    </p>

    <p class='ocr_par' dir='ltr' id='par_1_3' title="bbox 151 4177 1247 4641">
     <span class='ocr_line' id='line_1_39' title="bbox 186 4177 1247 4246; baseline -0.001 -17"><span class='ocrx_word' id='word_1_339' title='bbox 186 4177 235 4230; x_wconf 83' lang='grc'>31.</span> <span class='ocrx_word' id='word_1_340' title='bbox 249 4180 317 4231; x_wconf 82' lang='lat' dir='ltr'>(ium</span> <span class='ocrx_word' id='word_1_341' title='bbox 329 4178 396 4231; x_wconf 87' lang='lat' dir='ltr'>hacc</span> <span class='ocrx_word' id='word_1_342' title='bbox 408 4181 550 4246; x_wconf 77' lang='lat' dir='ltr'>geruntur,</span> <span class='ocrx_word' id='word_1_343' title='bbox 563 4178 653 4230; x_wconf 92' lang='lat' dir='ltr'>nuntii</span> <span class='ocrx_word' id='word_1_344' title='bbox 667 4178 819 4231; x_wconf 86' lang='lat' dir='ltr'>summissi</span> <span class='ocrx_word' id='word_1_345' title='bbox 833 4191 848 4231; x_wconf 90' lang='lat' dir='ltr'>a</span> <span class='ocrx_word' id='word_1_346' title='bbox 860 4177 1018 4243; x_wconf 82' lang='lat' dir='ltr'>Theophiio.</span> <span class='ocrx_word' id='word_1_347' title='bbox 1037 4182 1109 4244; x_wconf 85' lang='lat' dir='ltr'>Quos</span> <span class='ocrx_word' id='word_1_348' title='bbox 1127 4179 1224 4231; x_wconf 90' lang='lat' dir='ltr'>beatus</span> <span class='ocrx_word' id='word_1_349' title='bbox 1245 4215 1247 4228; x_wconf 89' lang='lat'><em>.</em></span> 
     </span>
     <span class='ocr_line' id='line_1_40' title="bbox 154 4276 1247 4344; baseline -0.002 -14"><span class='ocrx_word' id='word_1_350' title='bbox 154 4277 220 4331; x_wconf 88' lang='lat' dir='ltr'>iecit</span> <span class='ocrx_word' id='word_1_351' title='bbox 232 4278 365 4342; x_wconf 82' lang='lat' dir='ltr'>introire3</span> <span class='ocrx_word' id='word_1_352' title='bbox 378 4278 515 4344; x_wconf 78' lang='lat' dir='ltr'>ingressos</span> <span class='ocrx_word' id='word_1_353' title='bbox 527 4277 703 4344; x_wconf 78' lang='lat' dir='ltr'>interrogavit</span> <span class='ocrx_word' id='word_1_354' title='bbox 723 4277 802 4343; x_wconf 88' lang='lat' dir='ltr'>cujus</span> <span class='ocrx_word' id='word_1_355' title='bbox 822 4276 921 4344; x_wconf 83' lang='lat' dir='ltr'>gradus</span> <span class='ocrx_word' id='word_1_356' title='bbox 941 4282 1042 4330; x_wconf 87' lang='lat' dir='ltr'>essent.</span> <span class='ocrx_word' id='word_1_357' title='bbox 1066 4276 1247 4342; x_wconf 81' lang='lat' dir='ltr'>Respondent</span> 
     </span>
     <span class='ocr_line' id='line_1_41' title="bbox 155 4374 1247 4443; baseline -0.003 -13"><span class='ocrx_word' id='word_1_358' title='bbox 155 4389 255 4443; x_wconf 89' lang='lat' dir='ltr'>scopos</span> <span class='ocrx_word' id='word_1_359' title='bbox 266 4389 336 4439; x_wconf 87' lang='lat' dir='ltr'>esse,</span> <span class='ocrx_word' id='word_1_360' title='bbox 349 4377 452 4443; x_wconf 77' lang='lat' dir='ltr'>rogarit</span> <span class='ocrx_word' id='word_1_361' title='bbox 466 4388 514 4429; x_wconf 91' lang='lat' dir='ltr'>eos</span> <span class='ocrx_word' id='word_1_362' title='bbox 526 4376 632 4428; x_wconf 85' lang='lat' dir='ltr'>sedere.</span> <span class='ocrx_word' id='word_1_363' title='bbox 646 4374 779 4428; x_wconf 84' lang='lat' dir='ltr'>sedentes</span> <span class='ocrx_word' id='word_1_364' title='bbox 792 4389 900 4429; x_wconf 88' lang='lat' dir='ltr'>rursum</span> <span class='ocrx_word' id='word_1_365' title='bbox 913 4376 1074 4441; x_wconf 88' lang='lat' dir='ltr'>deprecatus</span> <span class='ocrx_word' id='word_1_366' title='bbox 1087 4381 1137 4435; x_wconf 87' lang='lat' dir='ltr'>est,</span> <span class='ocrx_word' id='word_1_367' title='bbox 1150 4375 1247 4429; x_wconf 88' lang='lat' dir='ltr'>diceus</span> 
     </span>
     <span class='ocr_line' id='line_1_42' title="bbox 151 4474 1243 4541; baseline -0.002 -11"><span class='ocrx_word' id='word_1_368' title='bbox 151 4474 304 4530; x_wconf 80' lang='lat' dir='ltr'>venistis?</span> <span class='ocrx_word' id='word_1_369' title='bbox 323 4474 532 4541; x_wconf 80' lang='lat' dir='ltr'>Responderunt</span> <span class='ocrx_word' id='word_1_370' title='bbox 552 4474 694 4539; x_wconf 89' lang='lat' dir='ltr'>epistolam</span> <span class='ocrx_word' id='word_1_371' title='bbox 707 4487 737 4527; x_wconf 94' lang='lat' dir='ltr'>se</span> <span class='ocrx_word' id='word_1_372' title='bbox 749 4475 773 4527; x_wconf 90' lang='lat' dir='ltr'>ei</span> <span class='ocrx_word' id='word_1_373' title='bbox 787 4475 916 4527; x_wconf 89' lang='lat' dir='ltr'>detulisse</span> <span class='ocrx_word' id='word_1_374' title='bbox 936 4474 1087 4541; x_wconf 80' lang='lat' dir='ltr'>tegendam.</span> <span class='ocrx_word' id='word_1_375' title='bbox 1102 4476 1188 4538; x_wconf 85' lang='lat' dir='ltr'>Quam</span> <span class='ocrx_word' id='word_1_376' title='bbox 1202 4481 1243 4528; x_wconf 91' lang='lat' dir='ltr'>sta</span> 
     </span>
     <span class='ocr_line' id='line_1_43' title="bbox 152 4573 1247 4641; baseline -0.005 -14"><span class='ocrx_word' id='word_1_377' title='bbox 152 4575 261 4641; x_wconf 75' lang='lat' dir='ltr'>legere3</span> <span class='ocrx_word' id='word_1_378' title='bbox 275 4574 394 4641; x_wconf 78' lang='lat' dir='ltr'>legitque</span> <span class='ocrx_word' id='word_1_379' title='bbox 406 4586 476 4640; x_wconf 86' lang='lat' dir='ltr'>puer</span> <span class='ocrx_word' id='word_1_380' title='bbox 486 4573 629 4639; x_wconf 80' lang='lat' dir='ltr'>Theophili</span> <span class='ocrx_word' id='word_1_381' title='bbox 641 4573 680 4624; x_wconf 94' lang='lat' dir='ltr'>sic</span> <span class='ocrx_word' id='word_1_382' title='bbox 692 4588 699 4624; x_wconf 80' lang='lat' dir='ltr'><em>z</em></span> <span class='ocrx_word' id='word_1_383' title='bbox 713 4574 825 4626; x_wconf 83' lang='lat' dir='ltr'>Sancta</span> <span class='ocrx_word' id='word_1_384' title='bbox 837 4573 985 4637; x_wconf 76' lang='lat' dir='ltr'>synodus,</span> <span class='ocrx_word' id='word_1_385' title='bbox 999 4586 1077 4640; x_wconf 80' lang='lat' dir='ltr'>pisae</span> <span class='ocrx_word' id='word_1_386' title='bbox 1097 4573 1128 4625; x_wconf 89' lang='lat' dir='ltr'>in</span> <span class='ocrx_word' id='word_1_387' title='bbox 1158 4574 1225 4628; x_wconf 90' lang='lat' dir='ltr'>loco</span> <span class='ocrx_word' id='word_1_388' title='bbox 1244 4595 1247 4621; x_wconf 69' lang='grc' dir='ltr'>ι</span> 
     </span>
    </p>
   </div>
   <div class='ocr_carea' id='block_1_3' title="bbox 0 0 1543 5498">
    <p class='ocr_par' dir='ltr' id='par_1_4' title="bbox 0 0 1543 5498">
     <span class='ocr_line' id='line_1_44' title="bbox 0 0 1543 5498; baseline 0 0"><span class='ocrx_word' id='word_1_389' title='bbox 0 0 1543 5498; x_wconf 95' lang='lat' dir='ltr'> </span> 
     </span>
    </p>
   </div>
  </div>
 </body>
</html>
