3076 5498
272 335 340 401 382
615 350 740 402 cornu.
760 351 861 401 ooon
882 350 1056 401 nno1oon.
1079 351 1159 401 unu.

271 531 343 573 roso
358 520 529 586 pipuorum
546 530 686 572 meorum
707 518 818 571 solatio
841 519 1000 584 destituto,
1023 524 1052 572 et
1068 519 1186 573 doloris
1207 521 1270 572 mei
1288 534 1375 588 quem
1389 521 1465 589 potior

272 618 520 672 amaritudinem
533 620 585 671 tuo
597 619 712 683 alleva,
725 618 754 669 si
772 630 831 684 quo
844 618 934 672 modo
941 621 1040 684 potes,
1053 619 1189 673 manilio.
1212 620 1299 686 Ecce,
1313 618 1467 687 inquitprol

272 717 363 771 dolor
372 719 383 769 l
396 720 458 770 ires
470 717 534 786 pilii
543 717 751 782 meijuveuili
761 719 864 770 aetate
875 717 1031 784 florentes,
1053 718 1129 770 dum
1142 718 1174 770 in
1195 732 1260 773 uno
1268 720 1366 785 positi
1375 732 1467 774 accon·

271 815 386 883 wetti,
399 815 546 885 fulminis
559 816 623 869 ictu
635 817 719 885 iuter
730 817 882 870 edendum
890 816 1042 883 percussi,
1055 818 1154 871 morie
1158 818 1314 883 proxima
1318 819 1469 886 periclitari

271 918 455 969 noscuntur.
469 915 559 969 Nunc
571 928 643 982 erpo
651 928 766 983 precor
778 920 815 982 te,
829 918 866 968 ut
883 916 917 968 iu
938 915 1005 980 ejus
1025 915 1150 969 nominc
1169 929 1261 982 quem
1284 920 1318 970 tu
1334 916 1491 984 praedicuri

269 1013 376 1067 Jeeum
391 1013 546 1068 Christum
560 1015 714 1068 restituae
725 1014 806 1068 mibi
817 1015 903 1082 filios
915 1027 1008 1080 meos,
1020 1016 1057 1067 ut
1068 1027 1181 1082 omnes,
1203 1016 1261 1082 qui
1281 1015 1337 1070 boc
1356 1015 1471 1079 uiderint,

268 1115 399 1169 uodoni
411 1115 570 1169 verissime
580 1118 610 1168 ct
621 1115 841 1185 confiteantur,
863 1116 945 1183 quod
964 1115 1031 1182 apoc
1041 1114 1084 1167 sit
1096 1116 1238 1170 omnium
1248 1117 1340 1170 Iesus
1363 1116 1472 1172 mutu

267 1215 412 1269 salvator
422 1215 622 1269 credentium.
641 1216 735 1271 Credo
748 1216 831 1269 euim
845 1215 926 1282 quod
938 1226 1146 1283 quoecumque
1167 1215 1225 1269 tibi
1242 1217 1281 1270 ab
1294 1217 1362 1284 ipro
1372 1214 1472 1273 caused

267 1312 417 1378 volueris,
430 1313 543 1381 ubsque
551 1312 643 1366 dubio
655 1313 868 1380 consequeris.
882 1316 1007 1380 cumque
1020 1313 1076 1365 vim
1089 1313 1214 1367 iacerent
1226 1314 1332 1368 bomini
1354 1317 1406 1381 bei,
1416 1312 1472 1367 etibc

269 1410 413 1479 indignum
424 1425 453 1464 se
465 1418 557 1467 tanne
570 1413 609 1465 rei
623 1411 745 1480 prodigio
767 1414 898 1466 fateretur
918 1417 946 1465 et
966 1425 1049 1478 super
1070 1425 1100 1465 se
1116 1413 1222 1466 diceret
1241 1427 1304 1467 esse
1323 1413 1393 1483 quod
1407 1411 1469 1466 abeis
1481 1409 1500 1462 o

268 1513 410 1575 tantopere
422 1516 575 1577 rogaretur,
589 1512 733 1565 insistebat
744 1511 935 1565 venementius
947 1516 1024 1578 pater
1034 1524 1099 1564 oum
1117 1513 1243 1580 conjuge,
1258 1513 1336 1567 nullo
1348 1513 1469 1567 modosct

266 1608 328 1663 ioco
341 1622 509 1673 recessuros,
523 1610 575 1663 nisi
598 1622 681 1677 quarn
701 1612 821 1678 primum
840 1616 902 1665 voto
919 1624 970 1664 suo
991 1610 1171 1676 satisfaceret,
1195 1619 1224 1664 nt
1246 1611 1319 1666 lilios
1338 1625 1398 1666 snos
1408 1621 1469 1678 pene

269 1709 409 1762 exanimes
418 1709 499 1762 saluti
513 1709 643 1775 pristinae
654 1711 840 1776 consignaret.
853 1710 900 1763 llis
912 1722 1008 1763 eorum
1021 1714 1112 1763 motus
1133 1710 1180 1763 bei
1200 1710 1305 1764 athleta
1317 1709 1467 1770 sermonibus,

266 1808 346 1875 jubet
356 1808 408 1860 sibi
430 1807 555 1863 infirmos
576 1809 711 1876 eiusmodi
733 1810 762 1861 in
781 1822 919 1862 carcerem
942 1808 1255 1864 deterrizdecundum
1278 1809 1380 1878 fidem
1399 1808 1470 1875 runt
1533 1846 1534 1851 κ

269 1909 409 1960 uestrum
421 1907 468 1962 ito
479 1908 548 1977 fiat,
562 1911 598 1962 ut
609 1907 773 1963 mirabilia
785 1908 841 1961 Dei
851 1909 954 1961 emetri
965 1907 1108 1963 omuibus
1120 1907 1373 1976 manifestentur.
1388 1900 1497 1963 (ΜΝ
1532 1924 1534 1933 ·

268 2006 353 2059 enim
370 2006 538 2074 possibilia
558 2010 635 2061 suni
654 2006 803 2062 credenti.
822 2010 854 2061 it
874 2008 920 2060 nbi
942 2009 971 2060 in
992 2013 1141 2073 conspectu
1163 2009 1223 2075 ejus
1241 2010 1393 2063 exanimata
1410 2016 1468 2075 prot
1531 2050 1534 2054 .

270 2103 391 2159 illiorum
402 2119 517 2174 corpora
529 2108 651 2174 exposita
664 2111 738 2171 sunt,
748 2108 828 2174 jubet
837 2120 933 2161 omnes
943 2108 990 2174 qui
1004 2119 1096 2160 coram
1109 2107 1227 2175 merant,
1241 2108 1316 2162 toras
1327 2103 1467 2176 eurwini
1530 2128 1534 2154 τ

271 2205 406 2260 vestibulo
417 2207 535 2260 carceris
546 2211 676 2260 eventum
688 2211 855 2273 exspectare.
865 2207 963 2272 Sicque
975 2210 1031 2259 toto
1042 2207 1228 2272 procumbens
1236 2220 1353 2274 corpore
1362 2206 1467 2261 solobnu
1530 2238 1534 2252 t

271 2300 441 2369 humiliatur,
463 2317 571 2359 necnon
591 2306 687 2359 oculos
707 2303 742 2358 ad
763 2303 854 2357 sidera
876 2303 1034 2371 palmasque
1056 2304 1239 2369 contendens,
1261 2306 1376 2360 orationi
1394 2301 1466 2358 diutiu
1530 2330 1533 2353 ;

270 2400 440 2456 immoratur.
454 2404 578 2470 cumque
590 2405 625 2457 ab
637 2404 761 2457 oratione
783 2404 957 2463 surrexisset,
974 2403 1061 2457 iactus
1083 2407 1124 2456 est
1136 2407 1228 2457 terrae
1241 2410 1331 2459 motus
1343 2414 1439 2472 rnagnu
1448 2392 1495 2449 it!
1530 2436 1534 2455 .

271 2501 367 2555 eodem
380 2501 450 2566 loco,
464 2501 533 2555 adeo
546 2508 575 2555 ut
587 2502 668 2556 etiam
681 2503 731 2569 ipsi
745 2503 792 2569 qui
813 2507 889 2555 extra
910 2514 1047 2555 carcerem
1067 2501 1149 2569 positi
1167 2505 1373 2570 exspectabant,
1384 2502 1467 2556 borno
1529 2522 1534 2553 η

270 2601 356 2654 nimio
367 2602 484 2667 perculsi
494 2603 686 2656 exclamarent.
701 2604 746 2655 Vir
767 2607 859 2655 autem
879 2601 985 2654 bomini
1005 2602 1155 2667 bannens,
1177 2603 1213 2655 ab
1237 2604 1467 2670 orationessunt
1528 2618 1534 2653 ι

270 2701 384 2753 accessit
404 2702 515 2767 propius
527 2701 560 2755 ad
573 2702 808 2767 decumbentium,
821 2714 876 2768 quo
891 2700 970 2767 positi
981 2699 1092 2753 merant
1102 2699 1214 2768 pariter,
1223 2701 1326 2767 locum,
1335 2703 1466 2770 slguuuolt
1529 2716 1534 2753 2

270 2799 359 2851 crucis
372 2813 455 2866 super
467 2813 516 2853 eos
524 2801 635 2866 iaciens,
643 2801 690 2854 tali
701 2801 818 2854 subinde
839 2812 904 2853 voce
915 2798 1466 2868 perorat:ourpite,inquom,oiuceut‚
1528 2817 1534 2854 .·

223 2954 228 2964 ,
270 2897 306 2950 iu
317 2899 526 2952 uomichesu
542 2898 667 2963 Christi,
680 2900 839 2954 etcalutis
859 2901 980 2952 vestroe
999 2900 1160 2965 compotes.
1183 2901 1280 2954 estote
1301 2901 1336 2952 iu
1355 2886 1496 2954 montio!
1529 2940 1533 2949 .

269 2997 478 3051 testimouium
490 3002 610 3065 quauta
621 2999 686 3052 sint
698 2999 754 3052 Dei
764 2999 866 3053 uostri
884 2997 1058 3062 mirabilia,
1081 2997 1207 3065 quaein
1229 3000 1329 3053 seruas
1345 2997 1406 3052 suu
1423 3003 1470 3062 σικ-
1532 3018 1534 3025 1

269 3097 342 3150 rari
354 3096 506 3163 dicuutur
518 3100 548 3152 el
560 3098 700 3152 omuibus
712 3096 907 3152 credentibus
918 3097 952 3150 in
976 3097 1052 3163 ipso.
1070 3096 1120 3161 Qui
1132 3094 1207 3149 dicto
1228 3098 1337 3151 citiusa
1355 3103 1421 3151 terra
1431 3103 1470 3146 su
1532 3109 1534 3113 ·

271 3200 376 3263 genus,
388 3196 502 3265 ingressi
514 3210 576 3251 cum
590 3197 688 3251 fiducia
701 3196 1032 3263 civitatem,exponebant
1043 3195 1245 3250 omnibnslesu
1255 3196 1353 3251 cbristi
1366 3191 1473 3248 minois

270 3297 299 3348 in
311 3296 465 3362 semetipsis
476 3296 606 3350 divinitus
619 3303 740 3364 operata.
754 3297 873 3363 Populus
892 3302 992 3363 autem,
1015 3295 1063 3362 qui
1086 3307 1137 3362 pro
1158 3295 1265 3349 iuribus
1277 3296 1410 3351 adsistens
1418 3303 1475 3361 pret»

269 3395 431 3461 stolabatur,
446 3396 570 3449 miraculi
582 3396 701 3451 novitate
713 3397 889 3462 stupetactus,
903 3393 1072 3463 glorificabat
1090 3395 1185 3461 benm,
1205 3396 1251 3461 qni
1274 3396 1304 3448 in
1324 3394 1421 3448 sanetis
1435 3382 1506 3444 suist

268 3495 403 3547 mirabilis
411 3498 586 3563 cognoscitur
594 3502 621 3550 et
634 3510 689 3550 non
698 3497 866 3564 derelinquit
877 3500 1018 3561 sperantes
1030 3494 1058 3546 in
1068 3507 1109 3559 se,
1119 3507 1168 3548 rex
1178 3494 1293 3562 gloriae.
1305 3494 1397 3549 Plures
1405 3499 1477 3546 tanco

268 3605 300 3646 ex
312 3594 456 3660 gentilium
475 3593 659 3657 multitudine,
681 3596 728 3662 qui
749 3595 848 3647 acriori
871 3593 947 3659 prius
966 3591 1098 3645 aduersus
1120 3597 1247 3646 sanetum
1271 3593 1320 3646 liei
1339 3592 1478 3646 terebantur

269 3693 386 3760 insania,
400 3693 482 3759 etqui
494 3693 529 3745 ati
542 3693 693 3747 custodiam
705 3695 764 3760 ejus
777 3706 793 3746 a
805 3693 927 3758 principe
940 3704 1058 3758 nequam
1070 3692 1211 3745 constituti
1223 3691 1345 3757 literam,
1358 3694 1480 3758 oonpmo

269 3792 344 3858 quod
355 3793 502 3856 acciderat,
516 3793 637 3846 furorem
650 3807 712 3847 mox
725 3793 891 3859 inpietatem
904 3795 1054 3846 verterunt.
1067 3790 1191 3857 benique
1206 3789 1325 3858 direptis
1343 3796 1483 3845 uturann

267 3891 391 3944 omnium
403 3892 505 3958 quibus
518 3891 717 3957 impediebatur
729 3890 887 3956 obstaculis,
900 3891 1018 3944 liberum
1038 3893 1132 3942 sancto
1145 3889 1191 3942 bei
1212 3889 1323 3943 exitum
1339 3878 1516 3947 tribuent&

267 3989 352 4044 additi
365 3996 431 4043 sunt
441 3995 469 4045 et
478 3991 529 4056 ipsi
543 3990 578 4044 ad
590 3992 762 4044 credentium
776 4003 965 4056 numerumn
978 4000 1032 4055 ouo
1045 3987 1218 4053 postmodum
1232 3990 1306 4042 sacri
1329 3986 1485 4056 baptismate
1530 4018 1534 4085 Ῑ

268 4092 425 4158 mysterium
440 4091 580 4143 consecuti
593 4098 667 4143 sunt.

298 4192 343 4241 tt.
357 4189 526 4243 inveniente
538 4190 621 4257 igitur
633 4196 695 4255 post
707 4191 774 4242 baec
787 4188 925 4242 valdoano
944 4199 1007 4254 rege
1019 4186 1049 4239 in
1060 4185 1159 4239 urbem
1179 4187 1339 4255 Lectoram,
1352 4188 1487 4244 consuis
1532 4220 1534 4233 .

265 4289 345 4341 turba
358 4301 413 4341 non
427 4289 534 4342 modica
545 4288 749 4341 adversantium
770 4291 863 4341 coacta
883 4284 1037 4354 gentilium,
1059 4284 1157 4350 majori
1178 4283 1317 4340 adversus
1333 4288 1489 4341 christianos

266 4385 403 4439 seditione
418 4386 530 4451 invecti,
543 4387 652 4452 injuriis
663 4397 721 4444 eos.
735 4398 791 4439 non
803 4385 895 4437 minus
915 4381 1046 4436 conviciis
1066 4380 1243 4434 lacessibant.
1268 4385 1354 4453 Regis
1365 4377 1526 4454 siquden·

267 4484 389 4550 sacrilegi
402 4483 502 4537 fiducia
514 4485 586 4549 ireti,
601 4483 696 4550 procui
717 4495 764 4536 eos
783 4483 818 4535 ab
841 4481 910 4534 urbe
930 4479 1074 4533 exturbare
1094 4478 1266 4543 nitebantur,
1291 4485 1376 4550 quasi
1396 4486 1443 4552 qui
1461 4482 1496 4536 rei

266 4584 390 4648 publicae
401 4589 502 4637 statum
517 4585 596 4638 novis
619 4591 646 4637 et
663 4583 794 4637 inauditis
815 4582 920 4650 legibus
936 4578 1127 4646 profanantes,
1146 4578 1308 4637 necuim
1327 4584 1496 4641 viderentur.
