3082 5498
162 296 229 364 236
507 310 634 362 caran.
653 310 755 360 cono.
775 309 948 360 sacroue.
967 309 1047 359 tar.

159 485 311 548 crescente,
336 481 365 533 in
389 479 489 533 eodem
511 479 645 532 suburbio
668 479 695 530 in
717 478 822 530 honore
843 476 930 543 ipsius
950 477 1094 530 ecclesiam
1122 477 1292 539 construxit,
1305 477 1350 529 cui
1372 480 1396 528 et

158 580 304 633 dimidium
316 580 418 633 castelli
431 579 473 631 sui
488 584 635 644 ceteraque
649 577 783 630 nonnulla
795 569 1002 642 possessionum
1024 575 1245 642 reddituumque
1271 590 1392 640 suorum,

162 692 233 747 quac
246 691 284 731 nu
296 678 436 731 canonicis
450 676 539 730 eidem
562 676 694 729 ecclesiae
713 675 932 728 deservientibus
953 674 986 728 ad
1007 675 1110 727 victum
1132 679 1249 740 possent
1261 673 1391 735 suiiicere,

161 775 190 828 in
203 783 366 842 perpetuum
381 775 544 841 possidenda
554 774 679 837 contulit,
690 773 723 826 ad
736 773 844 826 laudem
855 780 881 826 et
890 773 1003 841 gloriam
1013 773 1255 836 nominisclrristi,
1273 773 1390 839 quicum

161 878 216 929 lieo
228 878 307 928 Patre
319 883 346 928 et
359 876 461 941 spiritu
473 879 566 928 sancto
581 874 684 926 visitet
697 878 793 941 regnat
805 876 876 926 licus
901 887 951 939 per
963 873 1055 926 omnia
1077 872 1187 926 saecula
1210 871 1387 925 saeculorum.

161 977 258 1027 nmen.

161 1199 246 1264 Vtra
264 1199 297 1264 S.
320 1199 505 1264 Launauru
526 1217 669 1263 srrscoer
689 1199 915 1264 Duutruansrs
932 1195 1010 1277 (Cir.
1031 1216 1143 1282 supra,
1163 1197 1284 1285 p.233.
1302 1195 1378 1281 54⁰).

164 1419 294 1492 Incipit
314 1421 484 1492 prologus
498 1418 666 1491 magistri
689 1418 868 1479 dohannis
892 1417 1090 1478 cardinaUs
1114 1417 1153 1477 in
1177 1417 1257 1478 vita
1275 1422 1367 1480 ednod

375 1534 573 1607 Laurentii,
589 1549 698 1607 quam
709 1534 787 1607 ipse
801 1549 847 1595 ex
860 1536 967 1606 parte
981 1533 1183 1606 descripsit.

194 1758 352 1813 Benedictio
365 1764 391 1811 et
402 1759 513 1812 claritas
525 1764 552 1811 et
564 1760 695 1825 sapientia
705 1765 732 1811 et
742 1760 890 1826 gratiarum
900 1760 980 1825 actio,
989 1761 1078 1812 honor
1089 1765 1116 1811 et
1124 1759 1211 1813 virtus
1223 1764 1249 1811 et
1257 1755 1355 1811 tortitudo
1365 1753 1397 1806 to

161 1862 215 1913 lieo
228 1863 332 1924 nostro,
345 1860 392 1925 qui
405 1871 532 1924 sponsam
548 1871 625 1910 suam
638 1859 782 1911 ecclesiam
796 1859 914 1912 mirabili
932 1859 1010 1924 prole
1023 1858 1162 1924 fecundat,
1186 1863 1216 1910 ut
1236 1867 1353 1922 nunquan

159 1960 195 2011 sit
206 1959 316 2022 sterilis,
331 1959 378 2011 sed
403 1970 512 2023 semper
523 1961 641 2026 gratiosa
662 1958 829 2011 fecunditate
849 1959 992 2025 mirabilis,
1014 1964 1045 2011 ut
1065 1960 1094 2010 in
1118 1965 1240 2024 tempore
1256 1967 1353 2023 persam·

157 2058 239 2110 tionis
252 2070 327 2110 rosas
340 2064 499 2122 martyrum,
514 2058 541 2109 in
556 2057 752 2123 tranquillitate
766 2056 841 2124 pacis
854 2059 942 2123 pariat
957 2057 1012 2109 lilia
1031 2057 1233 2117 confessorum.
1249 2060 1354 2122 quatenus

156 2157 256 2210 dilecto
269 2171 328 2221 suo,
342 2158 388 2224 qui
402 2157 537 2210 candidus
549 2163 589 2210 est
611 2165 637 2210 et
655 2157 835 2222 rubicundus,
850 2170 951 2224 sponsa
972 2156 1140 2224 respondeat
1152 2157 1181 2207 in
1201 2156 1293 2208 rubore
1303 2162 1353 2204 rosa·

156 2257 515 2309 rumetcandoreliliorum.
528 2258 669 2309 Nonenim
681 2258 709 2308 in
720 2258 913 2310 emissionibus
923 2257 1041 2323 paradisi
1051 2255 1109 2308 sola
1119 2262 1185 2308 sunt
1195 2255 1261 2307 mala
1269 2252 1351 2320 puniet.
1366 2240 1397 2297 ¹⁸

156 2357 360 2422 sedconjnneia
373 2361 512 2408 suntcum
537 2368 679 2422 pomorum
703 2356 847 2419 fructibus,
870 2370 920 2408 nec
942 2356 1045 2408 nardus
1066 2350 1206 2419 sola,‘sed
1226 2354 1294 2421 cypri
1309 2361 1352 2402 tud

156 2455 252 2519 nardo,
266 2459 292 2506 et
310 2462 408 2507 venter
421 2456 477 2507 sive
489 2454 643 2507 fecunditas
656 2468 772 2520 sponsae
786 2469 841 2508 non
866 2461 971 2507 tantum
984 2467 1082 2507 acervo
1102 2455 1184 2506 tritici
1202 2455 1352 2518 comparatu,

155 2551 202 2603 sed
216 2553 296 2603 etiam
310 2552 410 2605 dicitur
424 2553 539 2605 vallatus
558 2554 632 2604 liliis.
647 2555 739 2605 Virum
752 2567 862 2620 quoquc
879 2555 926 2620 qui
941 2555 1029 2606 stabat
1052 2554 1124 2605 inter
1144 2557 1266 2619 myrteta,
1285 2559 1353 2602 astan-

154 2648 264 2702 dentem
289 2665 373 2718 super
393 2665 497 2718 equum
510 2653 612 2716 rusum,
627 2665 682 2704 non
700 2658 805 2705 tantum
819 2653 881 2718 equi
895 2652 946 2704 rull
968 2653 1053 2704 secuti
1076 2655 1141 2704 sunt
1162 2650 1211 2703 sed
1234 2646 1354 2707 etaliiet

154 2747 188 2801 de
201 2749 291 2802 medio
303 2750 422 2802 duorum
435 2752 569 2803 montium
592 2765 736 2804 aereorum
758 2765 813 2804 non
834 2757 940 2804 tantum
962 2752 1093 2818 quadriga
1106 2764 1241 2817 equorum
1258 2748 1354 2801 ruiorun
1369 2730 1401 2789 Ι

154 2847 202 2900 sed
212 2849 424 2902 etiamaluurum
437 2863 572 2916 equorum
583 2849 715 2918 quadriga
725 2851 817 2917 egredi
831 2852 982 2904 videbatur.
992 2851 1123 2903 Dominus
1133 2862 1252 2916 quoque,
1261 2847 1301 2914 qui
1310 2842 1358 2896 iecit

155 2950 312 3012 Arcturum,
325 2961 386 2999 curn
400 2950 513 3002 arcturo
527 2961 582 3002 non
596 2949 685 3001 solum
705 2949 768 3001 iecit
783 2950 907 3014 orionas,
919 2948 1003 3001 sedet
1025 2949 1142 3014 liyadas.
1166 2950 1217 3000 Per
1239 2949 1359 2998 Arcturum

157 3052 261 3113 septem
275 3047 415 3099 stellarum
428 3048 587 3116 designatur
599 3049 726 3115 Ecclesia,
742 3050 907 3115 septiformis
919 3050 1035 3114 Spiritus
1044 3048 1105 3100 lucc
1119 3047 1227 3100 radiosa
1239 3064 1246 3111 ;
1257 3044 1356 3100 oriones,

156 3147 204 3212 qui
217 3147 338 3199 orientes
351 3148 379 3198 in
390 3147 480 3200 hieme
494 3154 666 3213 tempestates
679 3149 808 3214 excitant,
822 3148 1013 3201 demonstrant
1025 3152 1168 3213 martyreS,
1182 3147 1229 3212 qui
1247 3146 1274 3196 in
1289 3143 1359 3194 hicme

153 3244 319 3297 infidelitatis
332 3248 428 3308 exorti,
442 3248 630 3298 excitaverunt
651 3253 745 3298 contra
767 3261 796 3298 se
818 3248 1038 3312 persecutionum
1062 3251 1257 3311 tempestates,
1271 3237 1353 3307 iiuada
1369 3220 1400 3280 fl

154 3345 249 3398 stellae
260 3346 403 3411 pluviales
416 3347 539 3398 orientes
553 3349 580 3399 in
593 3360 666 3411 vere,
681 3348 854 3399 confessores
867 3345 1031 3413 significant,
1044 3346 1092 3411 qui
1114 3349 1238 3411 tempore
1250 3336 1358 3406 tanquil-
1398 3368 1401 3373 ·

154 3444 236 3496 litatis
248 3451 422 3512 apparentes,
436 3451 542 3498 mentes
555 3447 697 3498 hominum
711 3447 857 3514 irrigarunt
873 3446 971 3511 pluviis
992 3443 1193 3497 doctrinarum.
1213 3444 1283 3496 Sicut
1295 3439 1358 3505 igitur

155 3556 217 3596 cum
231 3546 344 3596 Arcturo
355 3544 419 3596 fecit
431 3545 562 3597 liominus
575 3545 690 3597 orionas
702 3551 729 3597 et
741 3544 856 3611 ilyadas,
879 3546 918 3597 sic
941 3545 1072 3597 Dominus
1090 3543 1124 3595 de
1147 3543 1265 3595 Ecclesia
1280 3544 1356 3606 sponffl
1397 3525 1401 3591 .'

155 3656 214 3707 sua,
229 3648 258 3695 ut
271 3657 421 3710 numquam
434 3645 468 3696 sit
480 3645 590 3711 sterilis
607 3645 652 3696 sed
666 3659 773 3711 semper
786 3643 1068 3710 fecunda,aliquando
1082 3650 1227 3710 martyres,
1244 3637 1354 3694 interdum
1398 3623 1401 3635 '

155 3754 264 3807 quoque
277 3747 390 3810 generat
402 3744 584 3796 consessores
1363 3716 1391 3775 5

189 3843 262 3892 inter
283 3855 353 3907 quos
374 3839 474 3893 effulsit
495 3849 606 3895 sanctae
628 3844 722 3895 matris
740 3843 877 3895 Ecclesiae
897 3843 989 3909 proles
1002 3843 1111 3910 egregia
1126 3843 1265 3910 gloriosus
1281 3829 1355 3892 Christi

153 3938 279 3992 sacerdos
292 3944 318 3992 et
331 3941 444 3993 antistes
458 3941 643 3994 liubulnensis
656 3943 788 3995 ecclesiae
801 3944 842 3995 vir
865 3943 961 3994 beatus
981 3941 1156 4004 Laurentius,
1169 3953 1271 4009 genere
1281 3933 1356 3991 uuila

152 4045 178 4090 ct
191 4039 307 4107 insignis
320 4041 473 4105 virtutibus,
488 4041 578 4093 clarus
591 4043 688 4106 opibus
700 4048 726 4094 et
740 4043 766 4094 in
780 4043 864 4108 signis
876 4040 1046 4109 magnificus
1059 4042 1141 4107 cujus
1161 4041 1245 4093 eitam
1258 4051 1302 4109 ego
1312 4035 1358 4087 licet

152 4135 291 4204 indignuS,
305 4139 377 4201 [et]si
392 4144 482 4191 tamen
501 4153 557 4193 non
576 4141 721 4192 indevotus
735 4141 869 4206 servulus,
885 4145 978 4192 sancto
995 4139 1112 4206 augensi
1127 4138 1247 4206 collegio
1263 4139 1360 4191 traterm

151 4235 279 4288 societate
291 4237 464 4301 coniunctae,
478 4239 511 4292 ad
525 4239 632 4291 laudem
645 4241 688 4291 liei
703 4245 730 4290 et
744 4241 830 4292 sancti
843 4239 1008 4291 contessoris
1019 4238 1135 4303 gloriam
1158 4237 1193 4290 ad
1211 4233 1362 4292 excitandam

152 4333 323 4386 devotionem
338 4336 497 4401 legentium,
512 4339 573 4389 stilo
586 4338 793 4403 compendioso,
812 4340 936 4390 invocata
957 4338 1073 4404 Spiritus
1097 4337 1187 4390 sancti
1207 4339 1308 4406 gratia,
1326 4340 1366 4386 ua·

152 4439 226 4486 ctare
239 4435 340 4486 curavi.
355 4437 385 4486 Et
398 4436 464 4488 haec
477 4436 589 4502 quidem
601 4437 635 4489 de
655 4437 822 4502 praelatione
840 4437 941 4490 dixisse
961 4436 1085 4489 sufficiat.
1104 4437 1229 4491 Stultum
1239 4444 1280 4492 est
1298 4436 1370 4495 enim,

152 4538 215 4584 ante
228 4533 368 4584 historiam
386 4535 507 4595 cillucre,
521 4536 588 4587 etin
601 4535 656 4587 tine
668 4537 725 4600 ipsa
739 4536 867 4587 historiae
880 4535 1038 4587 narratione
1050 4535 1186 4602 succingi.
