3076 5498
162 332 229 399 526
509 354 635 404 carto.
655 354 757 405 cono.
776 354 952 405 asemon.
971 354 1053 404 our.

163 530 240 583 aura,
254 520 308 572 lteo
328 518 400 573 duee
417 535 500 574 cursu
523 522 630 588 placido
651 524 785 576 itassitiae
804 524 895 589 portui
917 523 1035 576 feliciter
1056 523 1253 589 applicueruut
1265 526 1288 576 tt
1301 535 1347 589 egre

162 617 268 671 dientes
290 620 390 682 navim,
403 621 499 674 vittam
520 624 634 691 ingressi
653 629 726 687 sunt,
740 630 767 675 et
784 637 847 675 cum
868 636 924 675 non
945 623 1117 675 invenissent
1138 623 1253 689 aliquem
1267 623 1306 688 qui
1318 633 1346 672 eos

161 715 279 782 bospitio
291 720 438 785 exciperet,
452 722 479 772 in
493 723 608 789 porticu,
622 736 692 788 quae
706 728 833 788 praeerat
845 722 908 776 fano
920 722 1010 789 gentis
1022 721 1107 786 illius,
1120 727 1244 774 terraeet
1253 720 1344 787 lapidibus

160 817 336 880 accubantes,
346 819 460 885 jejuniis
472 825 499 873 et
510 822 680 874 orationibus
692 822 852 874 insistentes
864 825 1107 886 pernoctaverunt.

193 916 224 968 2.
243 919 321 969 ilaue
333 924 424 971 autem
447 919 527 984 facto,
541 922 669 975 convenit
680 921 821 988 generatio
835 933 915 986 prava
936 926 964 972 et
985 932 1164 985 exasperaus,
1177 926 1208 972 ut
1223 916 1358 972 morentini

161 1014 241 1069 idolis
253 1017 428 1070 sacrificaret.
441 1020 491 1071 cui
503 1019 659 1073 advenienti
672 1021 755 1073 llaria
767 1019 923 1086 tfagdalena
936 1032 1095 1086 assurgens,
1110 1018 1187 1071 vultu
1199 1014 1341 1084 placitabit

160 1129 267 1181 serena,
281 1117 373 1184 lingua
395 1117 506 1185 diserta,
519 1132 633 1186 corpore
654 1133 777 1186 procero,
791 1120 873 1173 verba
894 1119 991 1171 salutis
1012 1132 1093 1171 verae
1116 1120 1188 1171 ritae
1207 1118 1339 1186 domatum

159 1216 318 1280 prophetico
340 1217 521 1282 praedicarim
535 1225 562 1271 et
576 1220 710 1272 ammirati
728 1225 793 1272 sunt
809 1218 942 1282 universi,
965 1231 1030 1283 prae
1051 1219 1155 1284 specie,
1169 1231 1232 1285 prae
1249 1213 1337 1275 buliu
1397 1212 1399 1245 ³

160 1328 225 1381 prae
236 1315 383 1369 dulcedine
395 1318 569 1384 eloquentiae
587 1320 682 1384 ipsius.
697 1320 828 1386 Sequenti
848 1331 915 1372 vero
934 1317 979 1370 die
1001 1316 1114 1371 advenit
1132 1319 1241 1384 quidam
1251 1312 1336 1369 nobilis}
1396 1310 1399 1319 '

159 1428 220 1467 mus
232 1429 294 1468 cum
307 1429 391 1470 rurore
405 1429 464 1482 sua,
477 1419 524 1483 qui
541 1419 685 1471 universae
697 1423 823 1484 praeerat
836 1417 1002 1483 provinciae,
1016 1422 1047 1470 ut
1067 1417 1184 1482 ibidem,
1197 1404 1358 1469 sicotcoosett
1394 1410 1399 1437 '·

157 1520 244 1578 verat,
256 1515 432 1569 sacrificaret.
446 1519 510 1569 Erat
530 1518 603 1569 enim
625 1517 720 1571 dolore
740 1517 856 1570 afflictus
877 1515 1035 1579 immodico,
1050 1528 1084 1568 eo
1103 1515 1178 1582 quod
1191 1528 1236 1581 spe
1246 1506 1334 1580 proisit
1393 1508 1399 1556 l

157 1613 328 1667 desideratae
350 1616 537 1670 frustraretur.
561 1617 608 1669 Cui
627 1617 709 1669 llaria
730 1615 896 1682 magdalena,
921 1614 1110 1680 apostotorum
1134 1613 1257 1680 apostola,
1274 1607 1332 1676 initii
1391 1607 1397 1640 ³

157 1719 251 1766 sancto
272 1714 386 1780 repleta,
399 1717 491 1768 lesum
506 1717 641 1768 cbristum
665 1720 758 1768 natum
780 1728 815 1767 ex
837 1715 920 1767 tiaria
932 1714 1078 1781 virginea
1095 1707 1332 1766 ludaeiscroettnu
1390 1708 1397 1742 ’ἒ

157 1818 295 1865 mortuum
308 1819 335 1865 et
347 1813 484 1879 sepultum
497 1820 523 1866 et
535 1814 580 1866 die
601 1815 680 1866 tertia
702 1820 889 1880 resurgentem
912 1812 1086 1879 praedicans,
1100 1811 1228 1864 dissuasit
1242 1802 1331 1862 saintet
1390 1810 1397 1841 ἓ

154 1911 334 1965 continebant
347 1913 488 1972 attentius,
503 1919 557 1965 tam
577 1926 625 1979 pro
644 1913 717 1966 iltius
732 1911 937 1978 pulchritudine
955 1924 1039 1978 quam
1052 1923 1103 1975 pro
1115 1912 1255 1965 verborum
1264 1890 1353 1958 mont!
1388 1901 1399 1941 ³2

153 2009 259 2076 tepore.
272 2014 365 2077 Neque
383 2013 537 2064 mirandum
561 2013 583 2063 si
605 2025 646 2075 os,
659 2013 732 2079 quod
746 2017 800 2064 tam
824 2012 877 2078 pia,
891 2017 946 2063 tam
959 2024 1038 2077 pura,
1054 2011 1099 2077 pie
1112 1997 1330 2076 pedibnssrtruni
1388 2006 1399 2037 ³³

154 2110 246 2162 oscula
260 2109 359 2176 infixit,
371 2112 537 2177 peramplius
549 2116 576 2164 et
588 2112 735 2177 perfectius
749 2111 934 2164 ceterisverbi
948 2111 995 2162 bei
1009 2110 1130 2175 spiraret
1142 2096 1330 2168 odoremspirrr't
1387 2100 1399 2141 tt

154 2210 250 2277 utique
262 2217 288 2263 et
300 2208 396 2264 effudit
408 2209 527 2265 abunde.
1388 2199 1397 2214 ”

187 2311 217 2362 8.
236 2312 294 2364 tam
305 2312 418 2377 lantque
431 2317 553 2363 matrona
566 2316 730 2376 praepotens
742 2310 832 2375 coepit
854 2315 1012 2362 sanctorum
1030 2309 1152 2375 compati
1165 2303 1332 2373 inopiaectttr
1389 2297 1392 2301 ⁴

154 2408 285 2461 satellites
298 2422 367 2474 quos
380 2409 432 2462 stbi
446 2413 593 2461 noveratet
604 2409 752 2461 familiares
763 2408 845 2474 jussit
857 2407 898 2459 eis
911 2406 1038 2459 victualia
1049 2407 1159 2473 erogari
1169 2390 1330 2464 occumbit
1394 2404 1399 2438 ³

153 2508 227 2560 euim
241 2506 292 2559 riri
306 2509 347 2560 sui
360 2508 501 2560 saevitiam
514 2514 541 2560 et
552 2509 673 2575 gentium
696 2508 850 2559 vicinarum
868 2504 1019 2572 perfidiam.
1035 2505 1200 2557 Praesertim
1211 2486 1332 2556 eroiotsti
1386 2499 1394 2532 .·;

153 2613 221 2674 quot
231 2606 339 2660 dierum
351 2608 505 2671 curriculis,
519 2608 636 2673 quadam
650 2612 740 2672 nocte,
754 2621 816 2660 cum
835 2611 958 2658 matrona
977 2605 1025 2657 itta
1044 2617 1110 2657 curn
1128 2606 1187 2658 viro
1200 2617 1246 2657 suo
1258 2594 1332 2652 neubi
1385 2587 1399 2637 ἵ

153 2705 238 2772 quieti
251 2707 443 2770 committeret,
457 2707 581 2771 apparuit
595 2707 619 2757 ei
632 2706 711 2759 beata
724 2705 804 2758 tlaria
818 2705 976 2769 ltagdatena
988 2704 1017 2754 in
1035 2705 1154 2772 somnis,
1168 2698 1332 2770 quaerens&
1385 2692 1399 2738 T*

152 2811 241 2857 tantas
256 2804 409 2870 possideret
420 2805 538 2868 diuitias,
547 2818 632 2871 quare
645 2810 754 2857 sanctos
767 2805 813 2856 bei
826 2803 898 2855 fame
910 2802 1000 2864 etsiti,
1011 2802 1116 2870 frigore
1126 2808 1154 2855 et
1163 2789 1332 2861 nudintepe'ti
1385 2791 1399 2834 'i

152 2903 331 2969 permitteret.
347 2904 456 2956 addidit
475 2911 502 2956 et
524 2905 623 2966 ruinas,
637 2904 658 2956 si
680 2904 779 2956 marito
798 2914 849 2954 suo
861 2900 978 2954 suadere
998 2905 1195 2954 contemneret
1213 2906 1241 2953 ut
1256 2880 1332 2949 iniret
1385 2884 1397 2925 ἕ·

152 3008 310 3054 sanctorum
324 3002 430 3068 inopias
450 3003 592 3056 sublevare
604 3008 723 3054 curaret.
738 3003 860 3053 ltatrona
882 3011 946 3052 sero
965 2997 1112 3065 evigilans,
1126 3007 1284 3066 nequaquam
1295 2992 1350 3041 Μ·
1387 2985 1399 3023 ²²

151 3109 193 3153 est
204 3102 262 3154 viro
275 3115 324 3154 suo
344 3103 478 3155 visionem
500 3102 633 3155 indicare.
648 3101 780 3168 Sequenti
800 3106 891 3161 nocte,
904 3099 979 3166 quod
994 3100 1023 3150 iu
1049 3099 1137 3165 priori
1150 3100 1176 3152 ei
1189 3084 1335 3150 risuum

152 3200 249 3253 iterato
267 3202 369 3266 aspexit
383 3215 390 3250 ε
405 3203 477 3268 quod
499 3201 621 3254 secundo
644 3200 751 3253 distulit
771 3200 926 3253 enucleare.
940 3199 1032 3251 'fertio
1054 3211 1121 3251 vero
1139 3199 1191 3252 sub
1211 3190 1335 3257 innupsit
1395 3175 1399 3186 ¹

152 3299 240 3351 noctis
254 3298 363 3352 silentio
375 3300 501 3365 apparuit
511 3301 620 3366 utrique
639 3300 760 3352 fremens
773 3305 800 3351 et
813 3299 894 3366 igneo
908 3297 995 3357 uultu,
1008 3310 1041 3350 ac
1054 3298 1078 3348 si
1100 3304 1157 3351 tota
1179 3297 1268 3350 domus
1279 3292 1334 3343 tow
1391 3300 1397 3317 ··

150 3398 271 3462 (feretur,
286 3405 313 3451 et
333 3400 369 3451 ait
384 3423 390 3450 :
407 3399 575 3463 Dmonr'sne,
597 3402 740 3463 tyranne,
762 3397 934 3451 ooembmm
949 3396 1129 3462 punierat
1149 3399 1278 3457 samoe,
1292 3387 1335 3437 Μ
1356 3420 1360 3425 ·

150 3497 259 3564 vipera
267 3498 396 3564 confrage
405 3500 471 3557 boa,
481 3511 562 3565 qnae
573 3498 664 3551 verbo
679 3510 749 3550 mea
762 3496 820 3550 tibi
826 3495 1007 3563 postposuit
1016 3496 1185 3549 evolveret
1198 3484 1334 3553 ΟΜΝ
1391 3474 1399 3516 ³·

150 3595 253 3649 naccis
277 3595 394 3650 Christi
412 3597 546 3654 inimice.
565 3597 698 3649 diuersis
719 3596 860 3650 ciborum
882 3598 912 3648 et
926 3597 1063 3660 potuum
1082 3592 1246 3661 generibus
1260 3573 1333 3639 muti
1392 3578 1399 3613 ³

150 3693 198 3745 tui
210 3693 348 3758 ingluvie
370 3691 500 3759 referta,
513 3696 544 3746 et
560 3697 685 3746 sanctos
706 3694 762 3746 Dei
780 3691 867 3760 same
886 3694 916 3744 et
935 3691 993 3744 siti
1009 3693 1040 3743 et
1053 3690 1133 3744 attr's
1145 3680 1334 3743 aerumaittif·
1394 3678 1399 3713 ²

150 3792 250 3844 initiis
269 3791 586 3857 disperirefJocesne
606 3793 639 3844 in
649 3793 776 3859 palatio
799 3789 985 3856 taupennis
1008 3789 1173 3842 r'neoiutcoe
1193 3768 1335 3840 dolorm
1393 3794 1399 3811 ¹

150 3889 204 3942 ittr‘
215 3892 319 3942 nutem
330 3889 362 3941 in
375 3902 518 3942 maerore
533 3891 563 3942 et
581 3889 758 3955 anprrstr‘r'st
778 3888 865 3940 Vides
877 3899 927 3941 ees
944 3887 1103 3940 &aciatos
1120 3890 1153 3940 et
1163 3862 1336 3949 tenemini

146 3989 312 4054 praeteris.
326 3989 394 4042 Non
405 3989 460 4054 sic,
475 3989 588 4056 irrr'qrae,
602 4001 664 4041 non
676 3988 722 4041 sie
736 3987 857 4051 enodes,
869 3999 926 4040 nec
935 3987 1065 4052 impune
1077 3984 1162 4054 feres
1170 3983 1248 4052 qaod
1259 3972 1338 4033 foti*

148 4088 305 4140 distulisti
314 4089 358 4140 eis
370 4087 559 4154 benefacere.
573 4090 615 4140 Sic
629 4089 718 4142 locuta
731 4094 781 4148 est,
794 4094 822 4141 et
833 4088 956 4140 evanuit.
969 4088 1183 4152 cousequenter
1194 4063 1337 4136 matmotti'f
1394 4092 1399 4105 ·

148 4185 235 4251 gilaru
248 4187 390 4252 ingemuit,
403 4193 431 4238 et
452 4187 486 4239 ab
507 4187 562 4239 imo
575 4191 684 4253 pectore
703 4185 809 4239 ducens
831 4187 960 4252 suspiria,
972 4184 1034 4239 viro
1046 4184 1148 4238 eadem
1160 4184 1195 4237 de
1206 4191 1279 4236 causa
1288 4161 1339 4231 Μ’*
1392 4196 1399 4209 ·

149 4285 218 4336 ranti
240 4285 278 4336 ait
300 4301 305 4336 :
331 4286 457 4339 Domine
486 4285 540 4349 ini,
562 4286 711 4338 vidistine
731 4286 888 4340 somnium
909 4284 990 4351 quod
1005 4282 1089 4336 mitti
1108 4278 1278 4351 apparuit?
1292 4260 1341 4323 Vidi
1392 4278 1399 4313 ⁴

150 4380 287 4447 r'nqunnt,
301 4383 341 4434 sir
361 4384 460 4448 inquit,
473 4385 504 4436 et
521 4383 693 4436 ominirorr'
710 4397 774 4436 oron
794 4383 913 4435 desr'no.
938 4381 1017 4440 Quid
1037 4380 1113 4434 inde
1133 4374 1300 4449 faciemus!
1312 4358 1341 4418 ω
1396 4396 1399 4411 ·

150 4479 248 4532 mulier
272 4496 278 4531 :
303 4481 413 4534 t'titfrcs
436 4494 502 4535 esse
521 4482 668 4536 exr'sftnte
684 4480 946 4549 persuasionibus
966 4480 1036 4544 ejtts
1057 4479 1268 4548 obtemperare
1281 4470 1344 4541 diff

149 4575 229 4628 troni
253 4578 308 4630 bei
328 4579 388 4647 rui,
402 4593 490 4645 quern
509 4581 688 4648 praedicat,
709 4581 883 4633 incurrere.
898 4578 969 4633 Non
992 4578 1079 4632 enim
1099 4579 1172 4632 sine
1191 4587 1282 4633 coare
1298 4568 1346 4623 W
