3082 5498
314 306 410 357 aisn.
429 309 510 358 ner.
531 305 649 356 etms.
666 327 713 338 -
728 309 882 361 anenno.
902 310 950 359 an
967 310 1045 360 eon.
1067 307 1160 360 irael.
1301 292 1368 361 235

233 473 298 552 680
314 476 368 554 De
385 482 519 554 saneto
538 477 665 591 Feliee
683 483 721 554 et
738 498 944 578 germanae
962 479 1045 577 epus
1063 477 1230 578 Regulae
1247 479 1263 515 *
1280 477 1360 578 (iol.
1424 477 1503 534 ‘sie

283 608 499 710 nstv-238¹).
1439 633 1442 639 ·

183 737 226 792 Ed.
236 740 309 807 ibid,
322 741 355 795 ad
369 741 396 795 d.
412 744 439 795 il
454 743 538 807 Sept,
553 745 617 796 tom.
633 743 678 807 lll,
692 756 719 808 p.
733 743 836 795 77245.

240 839 299 918 690
327 840 459 919 Passio
490 839 614 918 saneti
646 840 893 918 Pantaleonis
924 841 1106 942 martyris
1144 840 1227 942 (iol.
1264 838 1369 916 0380-

282 963 355 1041 uit
383 966 417 1039 .*

194 1095 237 1148 tim.
251 965 379 1165 prologus)
393 1099 451 1151 lere
471 1104 544 1151 totus
569 1103 596 1150 et
616 1096 674 1148 vita
695 1097 758 1149 stilo
777 1097 979 1165 aliquantulum
999 1111 1014 1151 a
1034 1097 1151 1151 lectione
1177 1095 1369 1149 llomhritiana

172 1193 281 1263 discrepat.

135 1366 137 1370 ,
242 1297 297 1375 t0⁰
331 1297 464 1376 Passio
493 1305 649 1376 sanetae
682 1296 925 1398 Euphemiae
956 1296 1118 1397 virginis
1148 1295 1229 1393 (fol.
1264 1295 1368 1374 ilis-

135 1448 143 1511 L
244 1421 393 1624 71024ῧὲ
416 1552 548 1624 saneta
583 1544 726 1623 Sabina
758 1544 939 1646 [martyre
973 1547 1115 1648 Trecis]
1148 1545 1225 1647 (fol.
1263 1544 1370 1622 ildr-

142 1814 145 1819 ·
247 1668 401 1870 ἵῖῗὲῗιῖἃ
418 1800 573 1871 sanotae
590 1791 731 1871 Mariae
748 1793 1005 1896 Aegyptiacae
1028 1793 1104 1895 (iol.
1125 1793 1370 1893 didi-iddlf

610 1996 890 2009 -———-—-

471 2208 682 2321 Appendix
701 2208 751 2296 ad
772 2208 854 2299 eod.
882 2208 1018 2298 14364

212 2440 399 2516 Tmusuerro
415 2447 475 2515 SS.
495 2448 661 2514 Exuensn
679 2469 721 2514 nr
739 2450 823 2516 Luer
840 2448 920 2535 (Cir.
948 2468 1060 2535 supra,
1080 2470 1111 2534 p.
1139 2450 1218 2527 232,
1238 2448 1323 2537 420).

204 2626 279 2695 ⁰leue
288 2639 407 2704 pretium
417 2636 547 2690 duximus
559 2637 698 2703 praesenti
719 2638 852 2702 opusculo
878 2640 905 2690 et
927 2637 994 2690 illud
1007 2638 1140 2704 inserere,
1161 2638 1299 2704 quomodo
1312 2650 1372 2704 pre·

184 2721 275 2787 filiorum
295 2750 410 2804 corpora
429 2736 631 2802 consessorum,
652 2737 725 2789 beati
746 2738 851 2790 seilicet
874 2739 1004 2802 Exuperii
1029 2738 1171 2803 sanctique
1184 2739 1316 2804 luponis,
1338 2737 1372 2790 de

184 2818 252 2886 ¹⁰tutin
261 2849 309 2902 quo
320 2835 427 2903 sepulta
441 2836 552 2888 luerunt
565 2835 599 2887 ad
613 2835 702 2889 locum
716 2835 763 2888 ubi
783 2841 877 2901 postea
899 2837 1017 2901 reposita
1040 2841 1115 2900 sunt,
1136 2836 1184 2888 sed
1197 2840 1224 2889 et
1236 2836 1284 2889 ubi
1298 2849 1373 2889 nunc

162 2911 256 2992 ⁵i”late
265 2937 416 3001 quieseunt,
427 2934 570 3000 deportata
583 2934 685 2986 fuerint
698 2939 780 3001 atque
794 2935 933 2987 translata.
949 2934 1054 2987 Fideles
1067 2933 1189 3000 quidam,
1204 2935 1232 2986 in
1257 2934 1372 2987 ecclesia

181 3018 227 3079 leui
237 3034 352 3100 lixuperii
366 3034 460 3085 divino
472 3033 557 3086 cultui
569 3035 685 3099 ejusque
698 3034 808 3086 servitio
832 3034 988 3098 mancipati,
1011 3034 1082 3086 ieros
1104 3034 1252 3087 indomitae
1264 3035 1371 3101 gentis,

135 3133 138 3148 '
179 3121 568 3198 iarromannommllpscilicet‚
592 3146 682 3185 mores
703 3134 776 3185 ferre
799 3147 854 3185 non
875 3134 1008 3199 valentes,
1032 3133 1234 3197 praedictorum
1258 3145 1374 3198 corpora

178 3228 328 3286 suesorum
340 3232 375 3284 de
389 3232 526 3283 territorio
539 3232 680 3284 Baioeensl
701 3231 857 3284 devotionis
878 3232 979 3284 intuitu
1001 3232 1173 3284 abstulerunt
1192 3237 1219 3283 et
1238 3232 1266 3283 in
1279 3237 1371 3297 partes

177 3322 290 3398 [talliaein
303 3338 422 3384 rastrum
435 3331 509 3397 quod
524 3331 604 3396 vulgo
627 3330 797 3382 paludellum
822 3335 944 3395 voratur,
966 3342 999 3382 eo
1021 3329 1096 3396 quod
1117 3330 1258 3396 paludosis
1271 3333 1372 3383 lxonae

143 3405 298 3482 ’ltuuinious
310 3431 429 3483 obsitum
443 3429 485 3494 sit,
499 3428 666 3492 deferentes,
681 3428 714 3479 ad
729 3429 849 3494 quietem
863 3434 1056 3493 reposuerunt.
1071 3427 1174 3480 Deinde
1187 3434 1249 3493 post
1259 3429 1371 3496 longum

176 3517 271 3589 [emporis
282 3527 468 3590 intervallum,
482 3526 553 3578 idem
566 3532 686 3578 rastrum
701 3528 823 3577 irruente
838 3527 961 3578 exercitu
974 3540 1036 3578 eum
1049 3525 1238 3592 adjacentibus
1258 3528 1372 3578 eircum-

175 3626 252 3690 uiue
262 3628 361 3680 tinibus
373 3633 508 3679 vastatum
518 3633 599 3692 atque
611 3627 779 3679 destructum
791 3630 840 3678 est.
852 3627 915 3677 Erat
927 3625 956 3676 in
965 3625 1063 3678 eodem
1076 3626 1195 3678 exercitu
1207 3625 1249 3678 vir
1260 3624 1372 3692 quidam

174 3719 252 3788 rutilis,
274 3733 328 3780 tarn
352 3730 409 3779 lieo
430 3726 526 3778 doctus
552 3726 667 3777 militare
693 3738 775 3790 quam
800 3725 919 3790 saeculo,
933 3725 990 3790 qui,
1004 3725 1095 3777 hostili
1120 3725 1178 3776 acie
1204 3724 1239 3777 ad
1264 3727 1374 3791 propria

173 3826 274 3896 lausa,
289 3841 343 3880 nou
357 3828 434 3893 prius
448 3832 564 3879 acastre
578 3827 637 3890 ipse
649 3825 775 3877 discessit
795 3839 878 3891 quam
901 3824 1056 3877 desiderata
1070 3832 1229 3878 sanctorum
1247 3827 1372 3892 pignora,

137 3897 363 3983 “itaetneouem
378 3928 438 3979 loco
459 3931 622 3993 cognoverat
643 3939 704 3978 esse
727 3925 878 3991 recondita,
901 3925 973 3990 piam
995 3937 1129 3977 exercens
1151 3924 1291 3991 praedam,
1310 3939 1373 3978 oum

167 4029 245 4086 pnnu
258 4028 344 4095 potuit
357 4026 512 4078 reverentia
523 4026 671 4090 asportavit
684 4029 711 4076 et
724 4025 752 4076 in
765 4025 897 4078 suburbio
910 4024 1015 4076 castelli
1029 4025 1070 4076 sui
1092 4024 1222 4092 Corhoili,
1235 4024 1373 4091 gaudente

165 4123 204 4175 tan
218 4127 289 4179 clero
302 4137 388 4192 quam
401 4124 509 4189 populo,
524 4136 587 4175 eum
612 4123 720 4189 hymnis
733 4128 759 4175 et
780 4123 908 4175 laudibus
931 4122 1083 4175 collocavit.
1095 4124 1177 4189 cujus
1200 4124 1374 4188 postmodum

157 4226 407 4294 erpaeonfessorem
426 4222 523 4274 Christi
545 4229 627 4289 atque
651 4221 807 4288 pontificem
829 4223 1019 4275 beatissimum
1040 4224 1206 4289 Exuperium
1227 4222 1375 4279 deuotione

174 4399 209 4465 (l)
221 4396 252 4449 ld
265 4401 305 4448 est
326 4397 557 4460 normannorum,
568 4396 599 4444 ut
608 4391 748 4458 legebatur
765 4393 793 4444 in
806 4391 890 4443 veteri
899 4392 1067 4460 legendario
1076 4392 1166 4444 saneti
1177 4391 1304 4456 Exuperii
1317 4393 1374 4456 (eit.

137 4500 168 4540 ex
183 4485 316 4546 Bocquet,
338 4477 395 4530 Les
413 4476 478 4527 Vies
495 4474 533 4527 de
553 4474 639 4527 saint
661 4475 814 4540 Keirpara,
837 4480 900 4540 ete,
925 4489 949 4538 p.
972 4478 1014 4538 dt,
1035 4487 1079 4540 ap.
1101 4477 1124 4527 t.
1147 4473 1220 4540 Lair,
1238 4474 1318 4528 Bidl.
1333 4474 1373 4528 de

135 4557 248 4625 l'Eeole
259 4561 314 4615 des
330 4557 469 4623 chartea,
481 4562 547 4609 tom.
561 4558 647 4621 llxlv,
662 4570 688 4621 p.
701 4558 760 4622 297)
773 4562 800 4608 et
814 4570 862 4624 per
875 4568 904 4608 se
917 4562 1002 4622 pater.
