3076 5498
319 349 412 399 BIBL.
431 348 513 398 Nar.
533 349 650 398 Partis.
671 369 716 379 -
732 350 885 398 APPEND.
906 351 952 399 ab
969 352 1046 401 col).
1070 351 1158 402 ilasi.
1311 339 1355 404 83

166 525 200 566 uos
208 516 275 584 sigm,
288 530 357 586 quac
377 530 440 570 cum
462 518 568 584 possint
587 529 651 571 cunr
673 518 796 584 reprobis
817 518 912 571 baberi
934 521 1101 583 communia,
1114 521 1160 574 ille
1178 522 1358 587 probabiliter

165 613 246 680 simplici
256 617 343 684 oculo,
356 617 448 671 lucido
469 629 593 682 corpore,
606 617 677 669 sicut
700 617 928 684 insequentibus
950 620 1155 684 monstrabitur,
1178 621 1251 684 iecit,
1264 623 1356 676 ouium

163 716 330 770 umbrarum
341 721 369 770 et
379 717 463 769 totius
475 716 572 769 mundi
585 717 747 770 necessitate
759 718 928 783 compulsus.

182 812 204 868 8.
213 819 293 871 tulus
304 821 333 871 et
345 820 456 871 sanctus
468 820 539 870 licus
551 816 652 883 populo
664 817 835 883 exasperanti
849 818 943 885 iratus,
958 824 986 872 et
997 818 1140 873 elementis
1153 833 1202 887 pro
1214 833 1248 874 eo
1261 825 1355 875 contra

137 909 274 972 illitosatos
296 918 492 986 pugnantibus,
506 924 679 971 recesserunt
700 918 797 982 nubes,
818 930 865 970 aer
885 918 1038 984 incanduit,
1057 924 1130 972 terra
1150 922 1267 987 exaruit,
1281 922 1355 975 viror

158 1011 267 1070 berbamm
280 1017 424 1082 emarcuit,
437 1029 508 1084 aqua
520 1028 604 1070 venas
616 1017 733 1070 fontium
744 1017 903 1084 dereliquit,
916 1018 1010 1084 sicque
1024 1018 1217 1072 secedentibus
1234 1020 1355 1073 elemen-

157 1111 298 1170 ismundus
318 1115 457 1170 desolatus
478 1114 609 1185 elanguit.
624 1116 758 1169 Vitiositas
778 1117 853 1169 enim
873 1130 925 1169 usu
949 1118 1051 1170 nutrita
1069 1117 1205 1171 nisiduro
1217 1119 1355 1173 molliatur

155 1213 245 1282 uerbere,
251 1215 285 1269 ad
297 1216 422 1270 notitiam
435 1216 478 1269 sui
492 1216 582 1270 redire
594 1214 724 1269 durescit.
734 1216 810 1270 Unde
822 1216 974 1270 factumest
986 1223 1016 1271 ut
1027 1218 1115 1271 tribus
1125 1219 1205 1271 annis
1217 1219 1356 1272 subtracta

154 1309 312 1369 lamissione
330 1315 487 1382 pluviarum
508 1313 616 1369 caelum
638 1328 722 1381 super
738 1328 786 1370 eos
798 1315 994 1369 extenderetur
1012 1321 1041 1369 ut
1053 1317 1166 1370 serrum.
1180 1318 1356 1372 pertulerunt

130 1407 144 1458 li
153 1421 227 1468 unum
239 1414 358 1482 primurn
375 1419 572 1482 exspectantes,
586 1415 738 1468 secundum
753 1416 940 1482 desperantes,
955 1416 984 1468 in
996 1417 1077 1471 tertio
1094 1418 1263 1471 deiecerunt.
1275 1420 1355 1471 cunr·

151 1515 258 1578 peinur
269 1530 299 1570 se
312 1516 418 1570 nullum
432 1517 601 1569 invenissent
614 1516 769 1582 consilium,
779 1515 890 1570 tandem
903 1517 1138 1583 praevaricatores
1150 1516 1184 1571 ad
1197 1518 1280 1571 eorda
1289 1532 1355 1586 quo·

151 1609 267 1670 dammodo
280 1616 365 1670 oblita
386 1620 565 1682 reuertentes,
579 1621 749 1669 concurrunt
769 1615 802 1669 ad
816 1615 986 1683 pontificem,
999 1621 1136 1683 pastorem
1150 1617 1310 1686 inclamant,
1324 1624 1355 1672 ut

152 1716 280 1781 propitiaret
297 1718 383 1770 iteum
402 1716 520 1782 pcccatis
542 1715 651 1782 iratum,
666 1721 818 1769 removeret
836 1715 995 1782 vindictam,
1016 1717 1175 1784 impetraret
1197 1718 1316 1783 veniam,
1329 1724 1357 1772 et

152 1820 278 1869 montes
298 1820 403 1884 terras,
425 1814 530 1869 colonis
551 1816 752 1879 morientibus,
774 1814 943 1868 reformaret.
967 1816 1052 1869 alexit
1074 1823 1198 1870 sanctum
1221 1817 1357 1885 generalis

130 1904 278 1980 Blessius,
291 1921 319 1969 et
330 1928 478 1968 commune
489 1914 642 1982 periculum
655 1915 793 1968 communi
814 1915 938 1968 oratione
958 1915 1016 1968 tolli
1037 1916 1183 1969 consuluit.
1198 1918 1292 1982 ltaque
1310 1916 1356 1969 tri·

152 2007 244 2066 lunum
253 2015 390 2081 jejunium
405 2027 481 2068 more
501 2014 680 2067 Ninivitamrn
700 2014 801 2067 indixit
821 2014 931 2080 populo,
946 2014 1060 2069 letanias
1073 2027 1122 2081 per
1133 2015 1264 2069 ecclesias
1284 2015 1354 2080 lieri,

152 2118 220 2165 tmces
231 2113 263 2166 ad
276 2115 437 2167 memoriam
458 2113 662 2168 misericordiae
691 2114 737 2167 liei
757 2114 831 2181 ferri,
842 2119 874 2167 ut
886 2114 933 2180 qui
945 2127 1042 2180 passus
1053 2119 1095 2168 est
1107 2128 1155 2182 pro
1167 2116 1355 2181 peccatoribus

154 2207 243 2266 ibimus
254 2215 450 2281 propitiaretur
470 2214 632 2267 christicolis
652 2215 710 2279 ipsa
723 2214 850 2279 passione
872 2212 1032 2282 redemptis,
1046 2220 1203 2268 sanctorum
1224 2215 1354 2293 interces-

154 2305 255 2366 sionibus.
269 2313 372 2367 indixit
383 2314 435 2367 boc
456 2319 483 2367 et
493 2314 575 2386 jussit
586 2314 620 2366 ad
641 2314 756 2367 saluum
769 2312 893 2366 medicus
914 2318 1022 2380 peccato
1035 2314 1248 2382 aegrotantibus,
1262 2319 1289 2367 et
1300 2314 1355 2380 pri·

130 2397 266 2478 nillosquod
274 2415 396 2481 jusserat
408 2414 481 2467 iecit.
496 2413 679 2482 Egrediuntur
690 2426 756 2482 ergo
768 2411 957 2467 indifferenter
969 2414 1118 2480 excalciati,
1128 2414 1222 2467 cinere
1231 2417 1258 2468 et
1266 2413 1354 2467 cilicio

154 2504 317 2579 deluuntur,
332 2513 482 2567 inclamant
501 2514 703 2566 miserationem
723 2517 893 2574 sanctorum,
917 2513 1134 2580 propitiationem
1156 2514 1213 2577 liei,
1235 2512 1356 2566 tundunt

156 2611 241 2676 litium
253 2613 380 2666 lacrimas
392 2613 521 2680 tundunt,
535 2627 570 2667 ne
582 2616 653 2667 licus
667 2613 770 2680 judicia
783 2614 887 2666 iaciens
901 2611 931 2665 in
949 2613 1079 2679 operibus
1095 2625 1225 2666 manuum
1243 2626 1353 2666 suarum

156 2710 368 2772 eitllprebenderet
388 2716 555 2778 peccatores.
570 2712 654 2780 igitur
674 2712 762 2778 prima
782 2711 943 2764 letaniarum
965 2710 1010 2764 die
1031 2715 1123 2777 pastor
1143 2725 1204 2763 oum
1227 2711 1356 2764 omnibus

156 2803 248 2863 werra
264 2814 291 2863 et
314 2824 365 2876 pro
383 2811 559 2864 tribulatione
581 2811 673 2864 ouium
695 2810 887 2877 ingemiscens,
902 2810 930 2862 in
952 2810 1107 2875 praesentia
1130 2810 1355 2865 concurrentium

130 2886 222 2958 ”latios
234 2915 396 2963 convertens
408 2910 443 2963 ad
456 2911 572 2976 caelum,
586 2911 615 2962 iu
626 2909 710 2963 corde
728 2924 777 2963 suo
790 2911 976 2977 quiescentem
989 2909 1136 2962 commorit
1154 2910 1187 2962 ad
1201 2910 1357 2962 misericor·

157 2996 206 3053 dieu
221 3009 320 3074 ileum,
333 3014 361 3061 et
373 3009 462 3062 subito
481 3009 601 3062 nubibus
613 3009 706 3062 densis
720 3022 784 3062 aere
797 3009 959 3061 obumbrato
979 3008 1120 3062 iluxerunt
1139 3021 1226 3075 aquae
1238 3013 1266 3061 ct
1281 3008 1356 3062 orbis

157 3096 325 3160 obsecundatus
336 3108 462 3161 ordinem
475 3110 641 3177 recognovit,
655 3110 750 3175 sicque
763 3122 812 3174 per
826 3108 947 3161 triduum
960 3108 1026 3160 illud
1040 3108 1227 3161 defluentibus
1240 3108 1348 3174 pluviis,

158 3200 336 3274 iirradgorem,
350 3209 451 3262 berbae
464 3210 594 3272 virorem,
608 3209 697 3262 tontes
711 3209 836 3274 lluorem,
847 3210 960 3262 arbores
973 3209 1065 3273 vitam,
1076 3214 1104 3260 et
1116 3207 1235 3261 mundus
1248 3209 1356 3261 duobus

158 3300 240 3358 itrditis
256 3309 283 3360 in
296 3309 377 3361 tertio
396 3321 471 3362 anno
491 3309 600 3373 plenam
614 3308 717 3374 recepit
736 3309 943 3361 abundantiam.
957 3310 1011 3360 lieo
1032 3307 1111 3359 latuit
1123 3306 1196 3372 apud
1209 3308 1354 3372 bomines;

130 3380 258 3458 ”lituum
268 3412 294 3459 ct
305 3409 432 3461 admirati
452 3414 516 3461 sunt
535 3414 694 3474 praesentes
707 3412 808 3474 quanta
827 3408 860 3460 de
874 3411 982 3474 pastore
1001 3410 1095 3459 sancto
1107 3407 1178 3471 apud
1191 3410 1277 3459 ileum
1291 3420 1357 3459 cura

159 3499 224 3557 uini,
236 3509 299 3560 liam
311 3521 375 3561 cum
393 3509 444 3561 sub
457 3509 531 3561 uudo
544 3521 607 3560 aere
625 3522 688 3560 cum
702 3509 801 3561 ceteris
812 3507 977 3575 gauderetur
989 3519 1142 3572 omnesque
1154 3507 1232 3573 aquis
1244 3505 1357 3559 descen·

159 3592 256 3658 dentibus
271 3608 513 3673 perfunderentur,
531 3607 606 3660 dedit
628 3611 699 3660 licus
720 3607 823 3659 meritis
844 3612 871 3658 et
889 3607 1016 3672 precibus
1037 3606 1095 3671 ejus
1110 3605 1183 3672 quod
1197 3610 1348 3672 rogaverat,

156 3693 253 3760 illium
272 3707 347 3761 idem
366 3711 437 3760 beus
458 3709 486 3759 in
506 3708 598 3773 pluvia
609 3707 803 3759 umbraculum
817 3706 876 3758 init.
891 3709 945 3758 llac
958 3711 985 3758 et
999 3706 1061 3757 illac
1081 3705 1129 3758 ubi
1143 3706 1220 3772 jussa
1232 3711 1274 3757 est
1286 3719 1356 3772 aqua

155 3799 234 3870 ocidit,
246 3806 334 3871 ipsum
348 3807 421 3875 tangi
434 3808 573 3873 probibuit
584 3810 630 3873 qui
644 3809 736 3862 omnia
749 3821 940 3874 quaecumque
952 3806 1037 3859 voluit
1050 3806 1123 3859 iecit.

130 3887 139 3943 ⁵
174 3896 198 3952 θ.
209 3905 320 3958 belcctat
331 3919 383 3960 nos
393 3907 437 3959 bic
447 3911 456 3947 1
466 3908 613 3973 parumper
626 3908 754 3961 secedere
765 3912 793 3961 et
804 3907 924 3973 pluviam
937 3904 1145 3971 benedictionis,
1158 3918 1213 3971 qua
1225 3919 1259 3958 ex
1270 3907 1356 3974 gratia

144 3997 183 4049 liei
192 4013 234 4066 per
245 4005 353 4059 beatum
367 4011 471 4072 patrem
485 4010 609 4061 nostrum
624 4007 807 4074 infundimur,
821 4007 898 4073 quasi
913 4006 1022 4073 linguae
1043 4005 1161 4071 hyssopo
1173 4004 1207 4057 ad
1221 4007 1356 4074 purgatio·

138 4111 193 4151 neor
204 4104 369 4157 audientium
383 4119 417 4159 ex
428 4108 548 4160 caritatis
561 4107 747 4160 benivolentia
761 4119 899 4173 spargere.
913 4109 978 4159 liam
993 4106 1021 4157 in
1034 4106 1083 4157 bac
1096 4118 1190 4158 eremo
1203 4107 1357 4173 peregrina·

134 4198 207 4254 tionis
218 4205 344 4271 antiquae
358 4207 545 4259 esurientibus
553 4205 690 4274 J‘ustitiam
702 4210 729 4258 et
741 4207 899 4259 sitientibus
916 4205 1066 4258 cantabiles
1080 4209 1144 4256 sunt
1162 4205 1354 4258 miserationes

130 4298 239 4354 diunae.
253 4305 320 4356 cum
334 4304 416 4372 igitur
428 4307 440 4342 ²
451 4305 516 4357 olim
534 4303 651 4358 dilectus
664 4305 851 4358 Hebraeorum
866 4304 982 4371 populus
1000 4305 1028 4355 in
1046 4302 1129 4357 domo
1150 4303 1208 4368 liei,
1222 4305 1291 4356 sicut
1309 4317 1357 4368 per

130 4402 279 4468 prophetam
291 4404 430 4471 queritur,
443 4404 549 4457 scelera
567 4404 653 4457 multa
671 4405 777 4457 iaceret
795 4409 822 4457 et
832 4407 936 4470 justum
949 4403 1095 4458 bominum
1106 4403 1226 4468 justitias
1243 4402 1356 4469 diligen-

150 4607 241 4662 bium.
257 4608 288 4662 9.
304 4634 335 4645 -
351 4610 359 4646 ¹
374 4610 413 4669 (ιι.
429 4606 467 4668 ir.)
481 4604 508 4659 b.
524 4620 551 4661 ιι.
565 4606 590 4660 2.
605 4633 637 4644 -
649 4609 660 4645 ²
672 4605 725 4657 sibi
738 4608 763 4660 i.
