<?xml version="1.0" encoding="UTF-8"?>
<!DOCTYPE html PUBLIC "-//W3C//DTD XHTML 1.0 Transitional//EN"
    "http://www.w3.org/TR/xhtml1/DTD/xhtml1-transitional.dtd">
<html xmlns="http://www.w3.org/1999/xhtml" xml:lang="en" lang="en">
 <head>
  <title>
</title>
<meta http-equiv="Content-Type" content="text/html;charset=utf-8" />
  <meta name='ocr-system' content='tesseract 3.04.00' />
  <meta name='ocr-capabilities' content='ocr_page ocr_carea ocr_par ocr_line ocrx_word'/>
</head>
<body>
  <div class='ocr_page' id='page_1' title='image "./cataloguscodicu00manugoog_0305.png"; bbox 0 0 3076 5498; ppageno 0'>
   <div class='ocr_carea' id='block_1_1' title="bbox 147 237 1036 304">
    <p class='ocr_par' dir='ltr' id='par_1_1' title="bbox 147 237 1036 304">
     <span class='ocr_line' id='line_1_1' title="bbox 147 237 1036 304; baseline 0.001 -2"><span class='ocrx_word' id='word_1_1' title='bbox 147 237 214 302; x_wconf 77' lang='lat'>292</span> <span class='ocrx_word' id='word_1_2' title='bbox 490 254 617 304; x_wconf 73' lang='lat' dir='ltr'>exuat.</span> <span class='ocrx_word' id='word_1_3' title='bbox 639 253 740 303; x_wconf 83' lang='lat' dir='ltr'>cono.</span> <span class='ocrx_word' id='word_1_4' title='bbox 761 253 935 303; x_wconf 72' lang='lat' dir='ltr'>Hemoda.</span> <span class='ocrx_word' id='word_1_5' title='bbox 956 253 1036 303; x_wconf 77' lang='lat' dir='ltr'>aar.</span> 
     </span>
    </p>
   </div>
   <div class='ocr_carea' id='block_1_2' title="bbox 140 419 1385 2485">
    <p class='ocr_par' dir='ltr' id='par_1_2' title="bbox 143 419 1354 986">
     <span class='ocr_line' id='line_1_2' title="bbox 145 419 1330 489; baseline -0.003 -16"><span class='ocrx_word' id='word_1_6' title='bbox 145 423 312 487; x_wconf 84' lang='lat' dir='ltr'>Gaietorum,</span> <span class='ocrx_word' id='word_1_7' title='bbox 326 434 387 473; x_wconf 89' lang='lat' dir='ltr'>cum</span> <span class='ocrx_word' id='word_1_8' title='bbox 399 423 453 488; x_wconf 89' lang='lat' dir='ltr'>jam</span> <span class='ocrx_word' id='word_1_9' title='bbox 468 422 508 475; x_wconf 89' lang='lat' dir='ltr'>sol</span> <span class='ocrx_word' id='word_1_10' title='bbox 522 421 556 474; x_wconf 94' lang='lat' dir='ltr'>ad</span> <span class='ocrx_word' id='word_1_11' title='bbox 569 435 699 475; x_wconf 88' lang='lat' dir='ltr'>occasum</span> <span class='ocrx_word' id='word_1_12' title='bbox 711 423 848 489; x_wconf 73' lang='lat' dir='ltr'>vergebat,</span> <span class='ocrx_word' id='word_1_13' title='bbox 863 423 950 474; x_wconf 89' lang='lat' dir='ltr'>noctis</span> <span class='ocrx_word' id='word_1_14' title='bbox 966 423 1099 476; x_wconf 82' lang='lat' dir='ltr'>tenebras</span> <span class='ocrx_word' id='word_1_15' title='bbox 1116 422 1260 477; x_wconf 89' lang='lat' dir='ltr'>suadendo.</span> <span class='ocrx_word' id='word_1_16' title='bbox 1270 419 1330 472; x_wconf 76' lang='lat' dir='ltr'>liabeo</span> 
     </span>
     <span class='ocr_line' id='line_1_3' title="bbox 144 515 1332 589; baseline -0.003 -17"><span class='ocrx_word' id='word_1_17' title='bbox 144 521 236 589; x_wconf 84' lang='lat' dir='ltr'>igitur,</span> <span class='ocrx_word' id='word_1_18' title='bbox 246 534 298 573; x_wconf 93' lang='lat' dir='ltr'>nec</span> <span class='ocrx_word' id='word_1_19' title='bbox 311 522 421 583; x_wconf 89' lang='lat' dir='ltr'>mirum,</span> <span class='ocrx_word' id='word_1_20' title='bbox 434 521 508 573; x_wconf 92' lang='lat' dir='ltr'>unde</span> <span class='ocrx_word' id='word_1_21' title='bbox 522 523 635 575; x_wconf 88' lang='lat' dir='ltr'>bomino</span> <span class='ocrx_word' id='word_1_22' title='bbox 645 523 781 574; x_wconf 90' lang='lat' dir='ltr'>canticum</span> <span class='ocrx_word' id='word_1_23' title='bbox 795 535 896 574; x_wconf 91' lang='lat' dir='ltr'>novum</span> <span class='ocrx_word' id='word_1_24' title='bbox 908 525 1025 584; x_wconf 87' lang='lat' dir='ltr'>cantem,</span> <span class='ocrx_word' id='word_1_25' title='bbox 1037 521 1112 575; x_wconf 93' lang='lat' dir='ltr'>unde</span> <span class='ocrx_word' id='word_1_26' title='bbox 1124 524 1264 575; x_wconf 86' lang='lat' dir='ltr'>immensae</span> <span class='ocrx_word' id='word_1_27' title='bbox 1272 515 1332 572; x_wconf 84' lang='lat' dir='ltr'>lautis</span> 
     </span>
     <span class='ocr_line' id='line_1_4' title="bbox 144 616 1332 687; baseline -0.003 -16"><span class='ocrx_word' id='word_1_28' title='bbox 144 621 275 686; x_wconf 85' lang='lat' dir='ltr'>hymnum</span> <span class='ocrx_word' id='word_1_29' title='bbox 288 621 405 674; x_wconf 89' lang='lat' dir='ltr'>referam</span> <span class='ocrx_word' id='word_1_30' title='bbox 419 624 475 673; x_wconf 86' lang='lat' dir='ltr'>beo</span> <span class='ocrx_word' id='word_1_31' title='bbox 488 634 560 687; x_wconf 92' lang='lat' dir='ltr'>meo,</span> <span class='ocrx_word' id='word_1_32' title='bbox 575 621 648 673; x_wconf 92' lang='lat' dir='ltr'>unde</span> <span class='ocrx_word' id='word_1_33' title='bbox 661 620 777 673; x_wconf 88' lang='lat' dir='ltr'>devotus</span> <span class='ocrx_word' id='word_1_34' title='bbox 789 619 930 673; x_wconf 82' lang='lat' dir='ltr'>conditori</span> <span class='ocrx_word' id='word_1_35' title='bbox 942 621 1088 675; x_wconf 80' lang='lat' dir='ltr'><strong>concinam</strong></span> <span class='ocrx_word' id='word_1_36' title='bbox 1101 622 1249 686; x_wconf 87' lang='lat' dir='ltr'>cantiones,</span> <span class='ocrx_word' id='word_1_37' title='bbox 1259 616 1332 672; x_wconf 82' lang='lat' dir='ltr'>dunin</span> 
     </span>
     <span class='ocr_line' id='line_1_5' title="bbox 145 718 1331 787; baseline -0.006 -15"><span class='ocrx_word' id='word_1_38' title='bbox 145 733 189 772; x_wconf 92' lang='lat' dir='ltr'>me</span> <span class='ocrx_word' id='word_1_39' title='bbox 200 724 231 772; x_wconf 93' lang='lat' dir='ltr'>ut</span> <span class='ocrx_word' id='word_1_40' title='bbox 242 720 270 771; x_wconf 94' lang='lat' dir='ltr'>in</span> <span class='ocrx_word' id='word_1_41' title='bbox 283 720 415 787; x_wconf 81' lang='lat' dir='ltr'>singulari</span> <span class='ocrx_word' id='word_1_42' title='bbox 434 719 547 773; x_wconf 91' lang='lat' dir='ltr'>alumno</span> <span class='ocrx_word' id='word_1_43' title='bbox 568 721 635 773; x_wconf 89' lang='lat' dir='ltr'>baec</span> <span class='ocrx_word' id='word_1_44' title='bbox 656 725 770 786; x_wconf 90' lang='lat' dir='ltr'>patrona</span> <span class='ocrx_word' id='word_1_45' title='bbox 792 734 852 773; x_wconf 89' lang='lat' dir='ltr'>mea</span> <span class='ocrx_word' id='word_1_46' title='bbox 873 719 971 772; x_wconf 86' lang='lat' dir='ltr'>dilecta</span> <span class='ocrx_word' id='word_1_47' title='bbox 993 720 1063 773; x_wconf 88' lang='lat' dir='ltr'>sicut</span> <span class='ocrx_word' id='word_1_48' title='bbox 1075 724 1178 774; x_wconf 83' lang='lat' dir='ltr'>tactmn</span> <span class='ocrx_word' id='word_1_49' title='bbox 1190 718 1331 773; x_wconf 86' lang='lat' dir='ltr'>oculitolent</span> 
     </span>
     <span class='ocr_line' id='line_1_6' title="bbox 143 806 1354 886; baseline 0.004 -17"><span class='ocrx_word' id='word_1_50' title='bbox 143 818 318 886; x_wconf 82' lang='lat' dir='ltr'><strong>impatienter</strong></span> <span class='ocrx_word' id='word_1_51' title='bbox 329 820 454 886; x_wconf 87' lang='lat' dir='ltr'>adversa,</span> <span class='ocrx_word' id='word_1_52' title='bbox 469 821 498 872; x_wconf 95' lang='lat' dir='ltr'>in</span> <span class='ocrx_word' id='word_1_53' title='bbox 511 819 721 872; x_wconf 91' lang='lat' dir='ltr'>necessitatibus</span> <span class='ocrx_word' id='word_1_54' title='bbox 728 821 803 872; x_wconf 89' lang='lat' dir='ltr'>meis</span> <span class='ocrx_word' id='word_1_55' title='bbox 814 825 940 872; x_wconf 89' lang='lat' dir='ltr'>occurrat</span> <span class='ocrx_word' id='word_1_56' title='bbox 949 819 1091 886; x_wconf 85' lang='lat' dir='ltr'>libentius,</span> <span class='ocrx_word' id='word_1_57' title='bbox 1102 824 1129 873; x_wconf 88' lang='lat' dir='ltr'>et</span> <span class='ocrx_word' id='word_1_58' title='bbox 1141 820 1207 871; x_wconf 87' lang='lat' dir='ltr'>mihi</span> <span class='ocrx_word' id='word_1_59' title='bbox 1219 818 1331 874; x_wconf 76' lang='lat' dir='ltr'>sunum</span> <span class='ocrx_word' id='word_1_60' title='bbox 1343 806 1354 858; x_wconf 69' lang='lat'><strong>⁵</strong></span> 
     </span>
     <span class='ocr_line' id='line_1_7' title="bbox 143 918 1016 986; baseline 0.002 -17"><span class='ocrx_word' id='word_1_61' title='bbox 143 919 345 986; x_wconf 82' lang='lat' dir='ltr'>emergentibus</span> <span class='ocrx_word' id='word_1_62' title='bbox 359 919 569 986; x_wconf 83' lang='lat' dir='ltr'>calamitatibus,</span> <span class='ocrx_word' id='word_1_63' title='bbox 582 919 717 984; x_wconf 89' lang='lat' dir='ltr'>praesidio</span> <span class='ocrx_word' id='word_1_64' title='bbox 732 918 852 972; x_wconf 88' lang='lat' dir='ltr'>caritatis</span> <span class='ocrx_word' id='word_1_65' title='bbox 866 922 1016 971; x_wconf 88' lang='lat' dir='ltr'>maternae.</span> 
     </span>
    </p>

    <p class='ocr_par' dir='ltr' id='par_1_3' title="bbox 140 1015 1385 2485">
     <span class='ocr_line' id='line_1_8' title="bbox 181 1015 1385 1087; baseline -0.004 -16"><span class='ocrx_word' id='word_1_66' title='bbox 181 1019 228 1071; x_wconf 87' lang='lat' dir='ltr'>bie</span> <span class='ocrx_word' id='word_1_67' title='bbox 250 1032 313 1072; x_wconf 88' lang='lat' dir='ltr'>vero</span> <span class='ocrx_word' id='word_1_68' title='bbox 335 1020 457 1072; x_wconf 89' lang='lat' dir='ltr'>secunda</span> <span class='ocrx_word' id='word_1_69' title='bbox 477 1024 538 1084; x_wconf 91' lang='lat' dir='ltr'>post</span> <span class='ocrx_word' id='word_1_70' title='bbox 559 1024 681 1071; x_wconf 87' lang='lat' dir='ltr'>nostram</span> <span class='ocrx_word' id='word_1_71' title='bbox 703 1017 914 1084; x_wconf 79' lang='lat' dir='ltr'>applicationem</span> <span class='ocrx_word' id='word_1_72' title='bbox 933 1017 1051 1083; x_wconf 78' lang='lat' dir='ltr'>felicem,</span> <span class='ocrx_word' id='word_1_73' title='bbox 1064 1019 1152 1071; x_wconf 86' lang='lat' dir='ltr'>altera</span> <span class='ocrx_word' id='word_1_74' title='bbox 1172 1018 1253 1087; x_wconf 76' lang='lat' dir='ltr'>galea,</span> <span class='ocrx_word' id='word_1_75' title='bbox 1263 1015 1336 1069; x_wconf 76' lang='lat' dir='ltr'>casata</span> <span class='ocrx_word' id='word_1_76' title='bbox 1383 1024 1385 1059; x_wconf 79' lang='grc' dir='ltr'><em>ῑ</em></span> 
     </span>
     <span class='ocr_line' id='line_1_9' title="bbox 146 1111 1336 1186; baseline -0.004 -17"><span class='ocrx_word' id='word_1_77' title='bbox 146 1117 292 1182; x_wconf 92' lang='lat' dir='ltr'>plurimum</span> <span class='ocrx_word' id='word_1_78' title='bbox 314 1123 342 1171; x_wconf 90' lang='lat' dir='ltr'>et</span> <span class='ocrx_word' id='word_1_79' title='bbox 362 1117 481 1182; x_wconf 91' lang='lat' dir='ltr'>dirupta,</span> <span class='ocrx_word' id='word_1_80' title='bbox 497 1117 598 1170; x_wconf 87' lang='lat' dir='ltr'>ibidem</span> <span class='ocrx_word' id='word_1_81' title='bbox 617 1117 751 1184; x_wconf 79' lang='lat' dir='ltr'>applicuit</span> <span class='ocrx_word' id='word_1_82' title='bbox 761 1119 854 1184; x_wconf 84' lang='lat' dir='ltr'>(quarn</span> <span class='ocrx_word' id='word_1_83' title='bbox 867 1131 916 1183; x_wconf 93' lang='lat' dir='ltr'>per</span> <span class='ocrx_word' id='word_1_84' title='bbox 928 1117 1012 1170; x_wconf 88' lang='lat' dir='ltr'>altum</span> <span class='ocrx_word' id='word_1_85' title='bbox 1026 1117 1141 1186; x_wconf 77' lang='lat' dir='ltr'>pelagus</span> <span class='ocrx_word' id='word_1_86' title='bbox 1154 1131 1215 1172; x_wconf 91' lang='lat' dir='ltr'>cum</span> <span class='ocrx_word' id='word_1_87' title='bbox 1226 1111 1336 1185; x_wconf 75' lang='lat' dir='ltr'>sagittariis</span> 
     </span>
     <span class='ocr_line' id='line_1_10' title="bbox 142 1206 1338 1282; baseline -0.003 -14"><span class='ocrx_word' id='word_1_88' title='bbox 142 1216 291 1276; x_wconf 82' lang='lat' dir='ltr'>velocibus,</span> <span class='ocrx_word' id='word_1_89' title='bbox 304 1217 338 1268; x_wconf 91' lang='lat' dir='ltr'>ad</span> <span class='ocrx_word' id='word_1_90' title='bbox 351 1215 523 1280; x_wconf 80' lang='lat' dir='ltr'>[slcindenda</span> <span class='ocrx_word' id='word_1_91' title='bbox 536 1216 621 1268; x_wconf 89' lang='lat' dir='ltr'>maria</span> <span class='ocrx_word' id='word_1_92' title='bbox 635 1228 683 1268; x_wconf 90' lang='lat' dir='ltr'>sua</span> <span class='ocrx_word' id='word_1_93' title='bbox 695 1215 758 1282; x_wconf 83' lang='lat' dir='ltr'>agili</span> <span class='ocrx_word' id='word_1_94' title='bbox 771 1216 870 1267; x_wconf 90' lang='lat' dir='ltr'>virtute</span> <span class='ocrx_word' id='word_1_95' title='bbox 885 1215 1041 1282; x_wconf 89' lang='lat' dir='ltr'>praecipuis</span> <span class='ocrx_word' id='word_1_96' title='bbox 1053 1220 1082 1273; x_wconf 87' lang='lat' dir='ltr'>et</span> <span class='ocrx_word' id='word_1_97' title='bbox 1093 1229 1127 1269; x_wconf 86' lang='lat' dir='ltr'>ex</span> <span class='ocrx_word' id='word_1_98' title='bbox 1140 1215 1266 1269; x_wconf 88' lang='lat' dir='ltr'>industria</span> <span class='ocrx_word' id='word_1_99' title='bbox 1278 1206 1338 1264; x_wconf 85' lang='lat' dir='ltr'>nlt-</span> 
     </span>
     <span class='ocr_line' id='line_1_11' title="bbox 142 1298 1369 1382; baseline -0.002 -13"><span class='ocrx_word' id='word_1_100' title='bbox 142 1317 217 1370; x_wconf 91' lang='lat' dir='ltr'>ciose</span> <span class='ocrx_word' id='word_1_101' title='bbox 238 1317 358 1380; x_wconf 90' lang='lat' dir='ltr'>armatis,</span> <span class='ocrx_word' id='word_1_102' title='bbox 373 1316 525 1368; x_wconf 89' lang='lat' dir='ltr'>feceramus</span> <span class='ocrx_word' id='word_1_103' title='bbox 548 1314 690 1381; x_wconf 82' lang='lat' dir='ltr'>perquiri),</span> <span class='ocrx_word' id='word_1_104' title='bbox 714 1314 837 1368; x_wconf 87' lang='lat' dir='ltr'>referens</span> <span class='ocrx_word' id='word_1_105' title='bbox 857 1315 984 1368; x_wconf 88' lang='lat' dir='ltr'>sinistros</span> <span class='ocrx_word' id='word_1_106' title='bbox 1004 1315 1128 1382; x_wconf 75' lang='lat' dir='ltr'>singulos</span> <span class='ocrx_word' id='word_1_107' title='bbox 1148 1329 1226 1369; x_wconf 88' lang='lat' dir='ltr'>casus</span> <span class='ocrx_word' id='word_1_108' title='bbox 1244 1325 1299 1375; x_wconf 73' lang='lat' dir='ltr'>auos</span> <span class='ocrx_word' id='word_1_109' title='bbox 1314 1308 1338 1358; x_wconf 72' lang='lat' dir='ltr'>tl</span> <span class='ocrx_word' id='word_1_110' title='bbox 1350 1298 1369 1351; x_wconf 73' lang='lat'>¹⁰</span> 
     </span>
     <span class='ocr_line' id='line_1_12' title="bbox 145 1413 1336 1483; baseline -0.006 -14"><span class='ocrx_word' id='word_1_111' title='bbox 145 1421 207 1482; x_wconf 89' lang='lat' dir='ltr'>post</span> <span class='ocrx_word' id='word_1_112' title='bbox 219 1428 311 1467; x_wconf 88' lang='lat' dir='ltr'>rerum</span> <span class='ocrx_word' id='word_1_113' title='bbox 325 1428 435 1467; x_wconf 86' lang='lat' dir='ltr'>suarum</span> <span class='ocrx_word' id='word_1_114' title='bbox 447 1416 550 1480; x_wconf 84' lang='lat' dir='ltr'>jactum</span> <span class='ocrx_word' id='word_1_115' title='bbox 571 1414 605 1467; x_wconf 91' lang='lat' dir='ltr'>ad</span> <span class='ocrx_word' id='word_1_116' title='bbox 627 1415 746 1467; x_wconf 91' lang='lat' dir='ltr'>insulam</span> <span class='ocrx_word' id='word_1_117' title='bbox 768 1413 881 1466; x_wconf 80' lang='lat' dir='ltr'>Poncias</span> <span class='ocrx_word' id='word_1_118' title='bbox 901 1414 1054 1482; x_wconf 85' lang='lat' dir='ltr'>devenisse,</span> <span class='ocrx_word' id='word_1_119' title='bbox 1067 1428 1140 1483; x_wconf 83' lang='lat' dir='ltr'>quae</span> <span class='ocrx_word' id='word_1_120' title='bbox 1151 1416 1192 1468; x_wconf 91' lang='lat' dir='ltr'>illi</span> <span class='ocrx_word' id='word_1_121' title='bbox 1213 1416 1336 1480; x_wconf 81' lang='lat' dir='ltr'>iniquorum</span> 
     </span>
     <span class='ocr_line' id='line_1_13' title="bbox 144 1511 1337 1581; baseline -0.002 -14"><span class='ocrx_word' id='word_1_122' title='bbox 144 1515 241 1581; x_wconf 87' lang='lat' dir='ltr'>iniquo</span> <span class='ocrx_word' id='word_1_123' title='bbox 253 1515 353 1567; x_wconf 87' lang='lat' dir='ltr'>Poncio</span> <span class='ocrx_word' id='word_1_124' title='bbox 365 1513 451 1568; x_wconf 85' lang='lat' dir='ltr'>Pilato</span> <span class='ocrx_word' id='word_1_125' title='bbox 465 1515 584 1581; x_wconf 86' lang='lat' dir='ltr'>praesidi</span> <span class='ocrx_word' id='word_1_126' title='bbox 597 1528 699 1568; x_wconf 91' lang='lat' dir='ltr'>nomen</span> <span class='ocrx_word' id='word_1_127' title='bbox 711 1513 795 1578; x_wconf 86' lang='lat' dir='ltr'>dedit,</span> <span class='ocrx_word' id='word_1_128' title='bbox 809 1526 890 1579; x_wconf 85' lang='lat' dir='ltr'>quam</span> <span class='ocrx_word' id='word_1_129' title='bbox 912 1513 1081 1567; x_wconf 87' lang='lat' dir='ltr'>clarissimae</span> <span class='ocrx_word' id='word_1_130' title='bbox 1101 1516 1237 1581; x_wconf 83' lang='lat' dir='ltr'>quondam</span> <span class='ocrx_word' id='word_1_131' title='bbox 1254 1511 1337 1566; x_wconf 56' lang='lat' dir='ltr'>fenile</span> 
     </span>
     <span class='ocr_line' id='line_1_14' title="bbox 144 1600 1385 1677; baseline -0.01 -12"><span class='ocrx_word' id='word_1_132' title='bbox 144 1626 205 1666; x_wconf 91' lang='lat' dir='ltr'>rum</span> <span class='ocrx_word' id='word_1_133' title='bbox 219 1613 271 1664; x_wconf 90' lang='lat' dir='ltr'>sub</span> <span class='ocrx_word' id='word_1_134' title='bbox 284 1612 437 1664; x_wconf 81' lang='lat' dir='ltr'>Domitiano</span> <span class='ocrx_word' id='word_1_135' title='bbox 449 1624 499 1677; x_wconf 87' lang='lat' dir='ltr'>pro</span> <span class='ocrx_word' id='word_1_136' title='bbox 512 1610 686 1665; x_wconf 90' lang='lat' dir='ltr'>confessione</span> <span class='ocrx_word' id='word_1_137' title='bbox 698 1612 818 1664; x_wconf 92' lang='lat' dir='ltr'>nominis</span> <span class='ocrx_word' id='word_1_138' title='bbox 833 1612 975 1664; x_wconf 86' lang='lat' dir='ltr'>christiani</span> <span class='ocrx_word' id='word_1_139' title='bbox 987 1612 1094 1665; x_wconf 71' lang='lat' dir='ltr'>flaviae</span> <span class='ocrx_word' id='word_1_140' title='bbox 1106 1613 1252 1666; x_wconf 78' lang='lat' dir='ltr'>Domitillae</span> <span class='ocrx_word' id='word_1_141' title='bbox 1267 1602 1338 1663; x_wconf 89' lang='lat' dir='ltr'>nobili·</span> <span class='ocrx_word' id='word_1_142' title='bbox 1383 1600 1385 1605; x_wconf 87' lang='lat'>&#39;</span> 
     </span>
     <span class='ocr_line' id='line_1_15' title="bbox 142 1698 1385 1781; baseline -0.007 -16"><span class='ocrx_word' id='word_1_143' title='bbox 142 1712 210 1765; x_wconf 88' lang='lat' dir='ltr'>tavit</span> <span class='ocrx_word' id='word_1_144' title='bbox 221 1710 341 1764; x_wconf 90' lang='lat' dir='ltr'>exilium.</span> <span class='ocrx_word' id='word_1_145' title='bbox 357 1712 426 1775; x_wconf 76' lang='lat' dir='ltr'>Quid</span> <span class='ocrx_word' id='word_1_146' title='bbox 441 1710 552 1763; x_wconf 90' lang='lat' dir='ltr'>demum</span> <span class='ocrx_word' id='word_1_147' title='bbox 573 1712 600 1762; x_wconf 96' lang='lat' dir='ltr'>in</span> <span class='ocrx_word' id='word_1_148' title='bbox 624 1716 702 1777; x_wconf 92' lang='lat' dir='ltr'>portu</span> <span class='ocrx_word' id='word_1_149' title='bbox 722 1713 779 1778; x_wconf 87' lang='lat' dir='ltr'>jam</span> <span class='ocrx_word' id='word_1_150' title='bbox 799 1710 883 1776; x_wconf 84' lang='lat' dir='ltr'>dicto,</span> <span class='ocrx_word' id='word_1_151' title='bbox 897 1712 963 1764; x_wconf 92' lang='lat' dir='ltr'>dum</span> <span class='ocrx_word' id='word_1_152' title='bbox 976 1711 1106 1766; x_wconf 79' lang='lat' dir='ltr'>facilitate</span> <span class='ocrx_word' id='word_1_153' title='bbox 1123 1711 1337 1781; x_wconf 74' lang='lat' dir='ltr'>invigilumincon·</span> <span class='ocrx_word' id='word_1_154' title='bbox 1381 1698 1385 1773; x_wconf 67' lang='grc' dir='ltr'><em>ξ</em></span> 
     </span>
     <span class='ocr_line' id='line_1_16' title="bbox 143 1787 1385 1880; baseline -0.004 -15"><span class='ocrx_word' id='word_1_155' title='bbox 143 1813 214 1865; x_wconf 89' lang='lat' dir='ltr'>suita</span> <span class='ocrx_word' id='word_1_156' title='bbox 226 1810 314 1880; x_wconf 78' lang='lat' dir='ltr'>galea,</span> <span class='ocrx_word' id='word_1_157' title='bbox 328 1811 356 1862; x_wconf 93' lang='lat' dir='ltr'>in</span> <span class='ocrx_word' id='word_1_158' title='bbox 368 1824 422 1877; x_wconf 86' lang='lat' dir='ltr'>qua</span> <span class='ocrx_word' id='word_1_159' title='bbox 435 1824 521 1873; x_wconf 84' lang='lat' dir='ltr'>eram,</span> <span class='ocrx_word' id='word_1_160' title='bbox 534 1815 588 1863; x_wconf 90' lang='lat' dir='ltr'>tota</span> <span class='ocrx_word' id='word_1_161' title='bbox 602 1817 681 1863; x_wconf 91' lang='lat' dir='ltr'>nocte</span> <span class='ocrx_word' id='word_1_162' title='bbox 699 1816 794 1877; x_wconf 90' lang='lat' dir='ltr'>portus</span> <span class='ocrx_word' id='word_1_163' title='bbox 820 1810 993 1864; x_wconf 89' lang='lat' dir='ltr'>latitudinem</span> <span class='ocrx_word' id='word_1_164' title='bbox 1016 1823 1079 1863; x_wconf 91' lang='lat' dir='ltr'>eum</span> <span class='ocrx_word' id='word_1_165' title='bbox 1097 1812 1223 1865; x_wconf 87' lang='lat' dir='ltr'>anchoris</span> <span class='ocrx_word' id='word_1_166' title='bbox 1238 1801 1335 1863; x_wconf 76' lang='lat' dir='ltr'>enuit</span> <span class='ocrx_word' id='word_1_167' title='bbox 1349 1787 1368 1843; x_wconf 71' lang='lat'>¹⁵</span> <span class='ocrx_word' id='word_1_168' title='bbox 1383 1792 1385 1860; x_wconf 72' lang='grc' dir='ltr'><em>Ξ</em></span> 
     </span>
     <span class='ocr_line' id='line_1_17' title="bbox 143 1874 1385 2010; baseline -0.002 -46"><span class='ocrx_word' id='word_1_169' title='bbox 143 1917 173 1964; x_wconf 89' lang='lat' dir='ltr'>ut</span> <span class='ocrx_word' id='word_1_170' title='bbox 193 1924 274 1965; x_wconf 92' lang='lat' dir='ltr'>mane</span> <span class='ocrx_word' id='word_1_171' title='bbox 297 1910 367 1963; x_wconf 89' lang='lat' dir='ltr'>facto</span> <span class='ocrx_word' id='word_1_172' title='bbox 390 1911 503 1975; x_wconf 90' lang='lat' dir='ltr'>incauti,</span> <span class='ocrx_word' id='word_1_173' title='bbox 526 1910 675 1977; x_wconf 74' lang='lat' dir='ltr'>remigibus</span> <span class='ocrx_word' id='word_1_174' title='bbox 699 1909 832 1975; x_wconf 88' lang='lat' dir='ltr'>destituti,</span> <span class='ocrx_word' id='word_1_175' title='bbox 854 1911 1074 1977; x_wconf 85' lang='lat' dir='ltr'>periclitaremur</span> <span class='ocrx_word' id='word_1_176' title='bbox 1096 1910 1126 1962; x_wconf 92' lang='lat' dir='ltr'>in</span> <span class='ocrx_word' id='word_1_177' title='bbox 1150 1910 1274 1976; x_wconf 84' lang='lat' dir='ltr'>ductibus,</span> <span class='ocrx_word' id='word_1_178' title='bbox 1289 1909 1336 1956; x_wconf 69' lang='lat' dir='ltr'>alm</span> <span class='ocrx_word' id='word_1_179' title='bbox 1382 1874 1385 2010; x_wconf 54' lang='lat'><strong>(</strong></span> 
     </span>
     <span class='ocr_line' id='line_1_18' title="bbox 140 2007 1385 2097; baseline -0.002 -36"><span class='ocrx_word' id='word_1_180' title='bbox 140 2010 257 2063; x_wconf 87' lang='lat' dir='ltr'>relaxati</span> <span class='ocrx_word' id='word_1_181' title='bbox 271 2023 320 2076; x_wconf 90' lang='lat' dir='ltr'>per</span> <span class='ocrx_word' id='word_1_182' title='bbox 332 2009 443 2076; x_wconf 80' lang='lat' dir='ltr'>pelagus</span> <span class='ocrx_word' id='word_1_183' title='bbox 456 2009 641 2073; x_wconf 88' lang='lat' dir='ltr'>inciperemus</span> <span class='ocrx_word' id='word_1_184' title='bbox 654 2008 747 2076; x_wconf 79' lang='lat' dir='ltr'>vagari</span> <span class='ocrx_word' id='word_1_185' title='bbox 761 2013 787 2061; x_wconf 88' lang='lat' dir='ltr'>et</span> <span class='ocrx_word' id='word_1_186' title='bbox 798 2021 928 2075; x_wconf 84' lang='lat' dir='ltr'>aequora,</span> <span class='ocrx_word' id='word_1_187' title='bbox 942 2008 1048 2061; x_wconf 91' lang='lat' dir='ltr'>letifera</span> <span class='ocrx_word' id='word_1_188' title='bbox 1061 2007 1168 2062; x_wconf 92' lang='lat' dir='ltr'>lumina</span> <span class='ocrx_word' id='word_1_189' title='bbox 1186 2007 1334 2074; x_wconf 69' lang='lat' dir='ltr'>cuperemus.</span> <span class='ocrx_word' id='word_1_190' title='bbox 1382 2042 1385 2097; x_wconf 65' lang='grc' dir='ltr'>Ι</span> 
     </span>
     <span class='ocr_line' id='line_1_19' title="bbox 140 2099 1385 2175; baseline -0.001 -13"><span class='ocrx_word' id='word_1_191' title='bbox 140 2122 212 2175; x_wconf 85' lang='lat' dir='ltr'>quae</span> <span class='ocrx_word' id='word_1_192' title='bbox 224 2110 296 2162; x_wconf 88' lang='lat' dir='ltr'>vitae</span> <span class='ocrx_word' id='word_1_193' title='bbox 309 2114 419 2162; x_wconf 90' lang='lat' dir='ltr'>nostrae</span> <span class='ocrx_word' id='word_1_194' title='bbox 441 2113 522 2160; x_wconf 88' lang='lat' dir='ltr'>crant</span> <span class='ocrx_word' id='word_1_195' title='bbox 543 2107 647 2160; x_wconf 88' lang='lat' dir='ltr'>lumina</span> <span class='ocrx_word' id='word_1_196' title='bbox 670 2107 788 2160; x_wconf 85' lang='lat' dir='ltr'>finaliter</span> <span class='ocrx_word' id='word_1_197' title='bbox 808 2106 952 2160; x_wconf 77' lang='lat' dir='ltr'>ablatura?</span> <span class='ocrx_word' id='word_1_198' title='bbox 964 2106 1033 2170; x_wconf 81' lang='lat' dir='ltr'>Quid</span> <span class='ocrx_word' id='word_1_199' title='bbox 1058 2107 1088 2160; x_wconf 92' lang='lat' dir='ltr'>in</span> <span class='ocrx_word' id='word_1_200' title='bbox 1108 2107 1188 2162; x_wconf 90' lang='lat' dir='ltr'>litore</span> <span class='ocrx_word' id='word_1_201' title='bbox 1207 2099 1336 2160; x_wconf 72' lang='lat' dir='ltr'>aadinarbe</span> <span class='ocrx_word' id='word_1_202' title='bbox 1382 2104 1385 2161; x_wconf 90' lang='lat' dir='ltr'>l</span> 
     </span>
     <span class='ocr_line' id='line_1_20' title="bbox 140 2205 1336 2274; baseline -0.008 -10"><span class='ocrx_word' id='word_1_203' title='bbox 140 2209 259 2274; x_wconf 87' lang='lat' dir='ltr'>insulae,</span> <span class='ocrx_word' id='word_1_204' title='bbox 273 2209 320 2261; x_wconf 92' lang='lat' dir='ltr'>ubi</span> <span class='ocrx_word' id='word_1_205' title='bbox 334 2208 475 2271; x_wconf 74' lang='lat' dir='ltr'>Martinus,</span> <span class='ocrx_word' id='word_1_206' title='bbox 490 2220 539 2272; x_wconf 86' lang='lat' dir='ltr'>par</span> <span class='ocrx_word' id='word_1_207' title='bbox 556 2207 697 2272; x_wconf 80' lang='lat' dir='ltr'>apostolis,</span> <span class='ocrx_word' id='word_1_208' title='bbox 710 2207 841 2260; x_wconf 84' lang='lat' dir='ltr'>venenati</span> <span class='ocrx_word' id='word_1_209' title='bbox 861 2205 996 2260; x_wconf 86' lang='lat' dir='ltr'>hellebori</span> <span class='ocrx_word' id='word_1_210' title='bbox 1024 2206 1177 2272; x_wconf 87' lang='lat' dir='ltr'>potionem,</span> <span class='ocrx_word' id='word_1_211' title='bbox 1198 2219 1269 2273; x_wconf 81' lang='lat' dir='ltr'>quam</span> <span class='ocrx_word' id='word_1_212' title='bbox 1282 2208 1336 2253; x_wconf 80' lang='lat' dir='ltr'>sum·</span> 
     </span>
     <span class='ocr_line' id='line_1_21' title="bbox 142 2278 1369 2374; baseline -0.002 -14"><span class='ocrx_word' id='word_1_213' title='bbox 142 2313 242 2374; x_wconf 87' lang='lat' dir='ltr'>pserat,</span> <span class='ocrx_word' id='word_1_214' title='bbox 256 2307 380 2360; x_wconf 89' lang='lat' dir='ltr'>oratione</span> <span class='ocrx_word' id='word_1_215' title='bbox 393 2306 504 2372; x_wconf 73' lang='lat' dir='ltr'>fugavit,</span> <span class='ocrx_word' id='word_1_216' title='bbox 518 2305 637 2372; x_wconf 86' lang='lat' dir='ltr'>qualiter</span> <span class='ocrx_word' id='word_1_217' title='bbox 654 2305 710 2358; x_wconf 92' lang='lat' dir='ltr'>ullo</span> <span class='ocrx_word' id='word_1_218' title='bbox 724 2304 853 2373; x_wconf 79' lang='lat' dir='ltr'>ligamine</span> <span class='ocrx_word' id='word_1_219' title='bbox 864 2317 928 2370; x_wconf 91' lang='lat' dir='ltr'>prae</span> <span class='ocrx_word' id='word_1_220' title='bbox 938 2304 1023 2359; x_wconf 91' lang='lat' dir='ltr'>nimia</span> <span class='ocrx_word' id='word_1_221' title='bbox 1040 2304 1218 2360; x_wconf 89' lang='lat' dir='ltr'>fluctuatione</span> <span class='ocrx_word' id='word_1_222' title='bbox 1232 2278 1369 2371; x_wconf 62' lang='lat' dir='ltr'>auutmfll’</span> 
     </span>
     <span class='ocr_line' id='line_1_22' title="bbox 142 2395 1385 2485; baseline -0.003 -25"><span class='ocrx_word' id='word_1_223' title='bbox 142 2408 171 2460; x_wconf 92' lang='lat' dir='ltr'>in</span> <span class='ocrx_word' id='word_1_224' title='bbox 191 2407 252 2473; x_wconf 89' lang='lat' dir='ltr'>ipso</span> <span class='ocrx_word' id='word_1_225' title='bbox 270 2406 350 2460; x_wconf 90' lang='lat' dir='ltr'>litore</span> <span class='ocrx_word' id='word_1_226' title='bbox 370 2405 412 2458; x_wconf 91' lang='lat' dir='ltr'>vix</span> <span class='ocrx_word' id='word_1_227' title='bbox 433 2405 527 2473; x_wconf 77' lang='lat' dir='ltr'>galeae</span> <span class='ocrx_word' id='word_1_228' title='bbox 548 2411 675 2470; x_wconf 90' lang='lat' dir='ltr'>poterant</span> <span class='ocrx_word' id='word_1_229' title='bbox 696 2405 829 2457; x_wconf 76' lang='lat' dir='ltr'>retineri?</span> <span class='ocrx_word' id='word_1_230' title='bbox 849 2406 914 2457; x_wconf 82' lang='lat' dir='ltr'>Erat</span> <span class='ocrx_word' id='word_1_231' title='bbox 934 2404 1008 2457; x_wconf 89' lang='lat' dir='ltr'>enim</span> <span class='ocrx_word' id='word_1_232' title='bbox 1030 2409 1141 2471; x_wconf 91' lang='lat' dir='ltr'>tempus</span> <span class='ocrx_word' id='word_1_233' title='bbox 1154 2405 1247 2459; x_wconf 86' lang='lat' dir='ltr'>blemis</span> <span class='ocrx_word' id='word_1_234' title='bbox 1256 2395 1336 2456; x_wconf 75' lang='lat' dir='ltr'>tutti¹¹</span> <span class='ocrx_word' id='word_1_235' title='bbox 1383 2410 1385 2485; x_wconf 59' lang='grc' dir='ltr'><em>ξ</em></span> 
     </span>
    </p>
   </div>
   <div class='ocr_carea' id='block_1_3' title="bbox 1381 902 1385 951">
    <p class='ocr_par' dir='ltr' id='par_1_4' title="bbox 1381 902 1385 951">
     <span class='ocr_line' id='line_1_23' title="bbox 1381 902 1385 951; baseline 0 0"><span class='ocrx_word' id='word_1_236' title='bbox 1381 902 1385 951; x_wconf 79' lang='lat'>³.</span> 
     </span>
    </p>
   </div>
   <div class='ocr_carea' id='block_1_4' title="bbox 3 2498 1385 2671">
    <p class='ocr_par' dir='ltr' id='par_1_5' title="bbox 3 2498 1385 2673">
     <span class='ocr_line' id='line_1_24' title="bbox 3 2498 1385 2583; baseline -0.004 -25"><span class='ocrx_word' id='word_1_237' title='bbox 3 2505 26 2583; x_wconf 37' lang='grc' dir='ltr'>*Ι</span> <span class='ocrx_word' id='word_1_238' title='bbox 84 2545 90 2558; x_wconf 92' lang='grc'><strong>.</strong></span> <span class='ocrx_word' id='word_1_239' title='bbox 146 2519 196 2558; x_wconf 93' lang='lat' dir='ltr'>suo</span> <span class='ocrx_word' id='word_1_240' title='bbox 209 2504 427 2572; x_wconf 78' lang='lat' dir='ltr'>pteno&#39;vigore‚</span> <span class='ocrx_word' id='word_1_241' title='bbox 440 2517 495 2569; x_wconf 82' lang='lat' dir='ltr'>quo</span> <span class='ocrx_word' id='word_1_242' title='bbox 508 2504 637 2556; x_wconf 88' lang='lat' dir='ltr'>concitati</span> <span class='ocrx_word' id='word_1_243' title='bbox 658 2503 768 2556; x_wconf 86' lang='lat' dir='ltr'>hiemali</span> <span class='ocrx_word' id='word_1_244' title='bbox 789 2503 994 2571; x_wconf 78' lang='lat' dir='ltr'>impugnatione</span> <span class='ocrx_word' id='word_1_245' title='bbox 1013 2498 1339 2562; x_wconf 78' lang='lat' dir='ltr'>ductusaventisuodibtie</span> <span class='ocrx_word' id='word_1_246' title='bbox 1382 2502 1385 2569; x_wconf 65' lang='grc' dir='ltr'>Ι</span> 
     </span>
     <span class='ocr_line' id='line_1_25' title="bbox 8 2595 1340 2671; baseline -0.001 -13"><span class='ocrx_word' id='word_1_247' title='bbox 8 2595 13 2619; x_wconf 80' lang='grc'>’</span> <span class='ocrx_word' id='word_1_248' title='bbox 85 2610 93 2626; x_wconf 83' lang='grc'><strong>’</strong></span> <span class='ocrx_word' id='word_1_249' title='bbox 144 2604 289 2658; x_wconf 88' lang='lat' dir='ltr'>contrariis</span> <span class='ocrx_word' id='word_1_250' title='bbox 309 2604 444 2656; x_wconf 92' lang='lat' dir='ltr'>undarum</span> <span class='ocrx_word' id='word_1_251' title='bbox 466 2602 654 2656; x_wconf 85' lang='lat' dir='ltr'>inflationibus</span> <span class='ocrx_word' id='word_1_252' title='bbox 675 2602 791 2656; x_wconf 81' lang='lat' dir='ltr'>faciliter</span> <span class='ocrx_word' id='word_1_253' title='bbox 809 2604 994 2657; x_wconf 90' lang='lat' dir='ltr'>intumescunt</span> <span class='ocrx_word' id='word_1_254' title='bbox 1013 2608 1041 2656; x_wconf 93' lang='lat' dir='ltr'>et</span> <span class='ocrx_word' id='word_1_255' title='bbox 1060 2604 1200 2658; x_wconf 89' lang='lat' dir='ltr'>subiciunt</span> <span class='ocrx_word' id='word_1_256' title='bbox 1218 2597 1340 2671; x_wconf 71' lang='lat' dir='ltr'>pa&#39;tetlillt¹⁵</span> 
     </span>
    </p>
   </div>
   <div class='ocr_carea' id='block_1_5' title="bbox 138 2695 1385 3562">
    <p class='ocr_par' dir='ltr' id='par_1_6' title="bbox 138 2695 1385 3562">
     <span class='ocr_line' id='line_1_26' title="bbox 140 2695 1385 2793; baseline -0.005 -37"><span class='ocrx_word' id='word_1_257' title='bbox 140 2703 242 2756; x_wconf 86' lang='lat' dir='ltr'>odiosis</span> <span class='ocrx_word' id='word_1_258' title='bbox 263 2702 392 2768; x_wconf 92' lang='lat' dir='ltr'>periculis</span> <span class='ocrx_word' id='word_1_259' title='bbox 413 2703 580 2769; x_wconf 86' lang='lat' dir='ltr'>navigantes.</span> <span class='ocrx_word' id='word_1_260' title='bbox 603 2702 744 2766; x_wconf 81' lang='lat' dir='ltr'>Quomodo</span> <span class='ocrx_word' id='word_1_261' title='bbox 766 2703 914 2769; x_wconf 86' lang='lat' dir='ltr'>utrobique</span> <span class='ocrx_word' id='word_1_262' title='bbox 935 2703 1060 2756; x_wconf 88' lang='lat' dir='ltr'>invocata</span> <span class='ocrx_word' id='word_1_263' title='bbox 1080 2703 1168 2756; x_wconf 87' lang='lat' dir='ltr'>virtus</span> <span class='ocrx_word' id='word_1_264' title='bbox 1188 2695 1341 2770; x_wconf 63' lang='lat' dir='ltr'>poenierim</span> <span class='ocrx_word' id='word_1_265' title='bbox 1381 2702 1385 2793; x_wconf 52' lang='lat' dir='ltr'>i</span> 
     </span>
     <span class='ocr_line' id='line_1_27' title="bbox 140 2766 1385 2873; baseline -0.002 -19"><span class='ocrx_word' id='word_1_266' title='bbox 140 2801 289 2854; x_wconf 90' lang='lat' dir='ltr'>dilectricis</span> <span class='ocrx_word' id='word_1_267' title='bbox 317 2806 444 2867; x_wconf 90' lang='lat' dir='ltr'>potenter</span> <span class='ocrx_word' id='word_1_268' title='bbox 473 2799 596 2862; x_wconf 82' lang='lat' dir='ltr'>affuerit,</span> <span class='ocrx_word' id='word_1_269' title='bbox 629 2802 707 2853; x_wconf 87' lang='lat' dir='ltr'>firma</span> <span class='ocrx_word' id='word_1_270' title='bbox 739 2802 897 2866; x_wconf 88' lang='lat' dir='ltr'>astantium,</span> <span class='ocrx_word' id='word_1_271' title='bbox 923 2814 998 2854; x_wconf 93' lang='lat' dir='ltr'>nunc</span> <span class='ocrx_word' id='word_1_272' title='bbox 1023 2802 1187 2867; x_wconf 87' lang='lat' dir='ltr'>viventium,</span> <span class='ocrx_word' id='word_1_273' title='bbox 1213 2766 1385 2873; x_wconf 47' lang='lat' dir='ltr'>asscrbttfflj</span> 
     </span>
     <span class='ocr_line' id='line_1_28' title="bbox 140 2892 1385 2967; baseline -0.002 -15"><span class='ocrx_word' id='word_1_274' title='bbox 140 2906 317 2967; x_wconf 84' lang='lat' dir='ltr'>monstratur,</span> <span class='ocrx_word' id='word_1_275' title='bbox 332 2901 378 2967; x_wconf 86' lang='lat' dir='ltr'>qui</span> <span class='ocrx_word' id='word_1_276' title='bbox 401 2900 504 2953; x_wconf 91' lang='lat' dir='ltr'>faciunt</span> <span class='ocrx_word' id='word_1_277' title='bbox 522 2913 580 2952; x_wconf 90' lang='lat' dir='ltr'>rem</span> <span class='ocrx_word' id='word_1_278' title='bbox 602 2900 710 2965; x_wconf 89' lang='lat' dir='ltr'>publice</span> <span class='ocrx_word' id='word_1_279' title='bbox 731 2900 870 2953; x_wconf 90' lang='lat' dir='ltr'>communi</span> <span class='ocrx_word' id='word_1_280' title='bbox 883 2899 1018 2953; x_wconf 91' lang='lat' dir='ltr'>miraculo</span> <span class='ocrx_word' id='word_1_281' title='bbox 1035 2913 1206 2967; x_wconf 89' lang='lat' dir='ltr'>comparere.</span> <span class='ocrx_word' id='word_1_282' title='bbox 1218 2902 1284 2953; x_wconf 86' lang='lat' dir='ltr'>certe</span> <span class='ocrx_word' id='word_1_283' title='bbox 1291 2892 1339 2944; x_wconf 73' lang='lat' dir='ltr'>di0⁵</span> <span class='ocrx_word' id='word_1_284' title='bbox 1383 2908 1385 2917; x_wconf 93' lang='grc'><strong><em>·</em></strong></span> 
     </span>
     <span class='ocr_line' id='line_1_29' title="bbox 141 2993 1338 3067; baseline -0.001 -16"><span class='ocrx_word' id='word_1_285' title='bbox 141 3000 216 3066; x_wconf 91' lang='lat' dir='ltr'>prius</span> <span class='ocrx_word' id='word_1_286' title='bbox 228 3013 310 3067; x_wconf 85' lang='lat' dir='ltr'>quam</span> <span class='ocrx_word' id='word_1_287' title='bbox 322 3000 406 3052; x_wconf 88' lang='lat' dir='ltr'>verba</span> <span class='ocrx_word' id='word_1_288' title='bbox 420 3000 485 3050; x_wconf 87' lang='lat' dir='ltr'>mibi</span> <span class='ocrx_word' id='word_1_289' title='bbox 499 2998 658 3064; x_wconf 89' lang='lat' dir='ltr'>delicerent,</span> <span class='ocrx_word' id='word_1_290' title='bbox 673 3001 695 3050; x_wconf 92' lang='lat' dir='ltr'>si</span> <span class='ocrx_word' id='word_1_291' title='bbox 715 3000 822 3066; x_wconf 80' lang='lat' dir='ltr'>singula</span> <span class='ocrx_word' id='word_1_292' title='bbox 841 2999 940 3052; x_wconf 86' lang='lat' dir='ltr'>vellem</span> <span class='ocrx_word' id='word_1_293' title='bbox 962 2999 1123 3053; x_wconf 89' lang='lat' dir='ltr'>describere</span> <span class='ocrx_word' id='word_1_294' title='bbox 1143 2993 1338 3061; x_wconf 59' lang='lat' dir='ltr'>beneflcinove</span> 
     </span>
     <span class='ocr_line' id='line_1_30' title="bbox 140 3087 1339 3171; baseline -0.003 -20"><span class='ocrx_word' id='word_1_295' title='bbox 140 3100 230 3165; x_wconf 91' lang='lat' dir='ltr'>recepi</span> <span class='ocrx_word' id='word_1_296' title='bbox 243 3100 277 3153; x_wconf 90' lang='lat' dir='ltr'>ab</span> <span class='ocrx_word' id='word_1_297' title='bbox 289 3113 330 3153; x_wconf 90' lang='lat' dir='ltr'>ea.</span> <span class='ocrx_word' id='word_1_298' title='bbox 344 3099 407 3152; x_wconf 90' lang='lat' dir='ltr'>ideo</span> <span class='ocrx_word' id='word_1_299' title='bbox 419 3100 613 3153; x_wconf 91' lang='lat' dir='ltr'>abstinendum</span> <span class='ocrx_word' id='word_1_300' title='bbox 627 3099 748 3166; x_wconf 85' lang='lat' dir='ltr'>praevidi</span> <span class='ocrx_word' id='word_1_301' title='bbox 759 3117 766 3165; x_wconf 92' lang='lat'>;</span> <span class='ocrx_word' id='word_1_302' title='bbox 780 3099 828 3152; x_wconf 92' lang='lat' dir='ltr'>sed</span> <span class='ocrx_word' id='word_1_303' title='bbox 841 3100 993 3165; x_wconf 86' lang='lat' dir='ltr'>exprimere</span> <span class='ocrx_word' id='word_1_304' title='bbox 1006 3113 1064 3153; x_wconf 93' lang='lat' dir='ltr'>non</span> <span class='ocrx_word' id='word_1_305' title='bbox 1077 3101 1174 3155; x_wconf 92' lang='lat' dir='ltr'>omitto</span> <span class='ocrx_word' id='word_1_306' title='bbox 1183 3113 1248 3171; x_wconf 79' lang='lat' dir='ltr'>quae</span> <span class='ocrx_word' id='word_1_307' title='bbox 1258 3087 1339 3159; x_wconf 66' lang='lat' dir='ltr'>sinod’</span> 
     </span>
     <span class='ocr_line' id='line_1_31' title="bbox 140 3193 1337 3265; baseline 0.001 -15"><span class='ocrx_word' id='word_1_308' title='bbox 140 3203 212 3264; x_wconf 87' lang='lat' dir='ltr'>vota,</span> <span class='ocrx_word' id='word_1_309' title='bbox 223 3213 271 3264; x_wconf 90' lang='lat' dir='ltr'>per</span> <span class='ocrx_word' id='word_1_310' title='bbox 283 3212 337 3261; x_wconf 83' lang='lat' dir='ltr'>me,</span> <span class='ocrx_word' id='word_1_311' title='bbox 348 3204 378 3251; x_wconf 91' lang='lat' dir='ltr'>ut</span> <span class='ocrx_word' id='word_1_312' title='bbox 390 3198 524 3265; x_wconf 86' lang='lat' dir='ltr'>praedixi,</span> <span class='ocrx_word' id='word_1_313' title='bbox 536 3199 644 3265; x_wconf 88' lang='lat' dir='ltr'>emissa,</span> <span class='ocrx_word' id='word_1_314' title='bbox 655 3211 689 3251; x_wconf 91' lang='lat' dir='ltr'>ne</span> <span class='ocrx_word' id='word_1_315' title='bbox 699 3199 835 3252; x_wconf 87' lang='lat' dir='ltr'>inveniret</span> <span class='ocrx_word' id='word_1_316' title='bbox 846 3212 896 3265; x_wconf 91' lang='lat' dir='ltr'>per</span> <span class='ocrx_word' id='word_1_317' title='bbox 905 3199 1111 3265; x_wconf 77' lang='lat' dir='ltr'>ingratitudinis</span> <span class='ocrx_word' id='word_1_318' title='bbox 1121 3201 1215 3254; x_wconf 91' lang='lat' dir='ltr'>vitium</span> <span class='ocrx_word' id='word_1_319' title='bbox 1224 3193 1337 3253; x_wconf 41' lang='lat' dir='ltr'>cornia&amp;</span> 
     </span>
     <span class='ocr_line' id='line_1_32' title="bbox 139 3288 1340 3366; baseline 0 -16"><span class='ocrx_word' id='word_1_320' title='bbox 139 3297 241 3364; x_wconf 88' lang='lat' dir='ltr'>perfeci</span> <span class='ocrx_word' id='word_1_321' title='bbox 263 3311 296 3350; x_wconf 86' lang='lat' dir='ltr'>ex</span> <span class='ocrx_word' id='word_1_322' title='bbox 318 3298 432 3365; x_wconf 79' lang='lat' dir='ltr'>integro,</span> <span class='ocrx_word' id='word_1_323' title='bbox 448 3298 609 3363; x_wconf 85' lang='lat' dir='ltr'>visitavique</span> <span class='ocrx_word' id='word_1_324' title='bbox 630 3310 741 3363; x_wconf 89' lang='lat' dir='ltr'>specum</span> <span class='ocrx_word' id='word_1_325' title='bbox 764 3302 791 3350; x_wconf 92' lang='lat' dir='ltr'>et</span> <span class='ocrx_word' id='word_1_326' title='bbox 811 3297 1025 3351; x_wconf 89' lang='lat' dir='ltr'>sacratissimum</span> <span class='ocrx_word' id='word_1_327' title='bbox 1046 3312 1149 3366; x_wconf 85' lang='lat' dir='ltr'>corpus</span> <span class='ocrx_word' id='word_1_328' title='bbox 1169 3301 1227 3366; x_wconf 87' lang='lat' dir='ltr'>ejus</span> <span class='ocrx_word' id='word_1_329' title='bbox 1244 3299 1270 3350; x_wconf 91' lang='lat' dir='ltr'>in</span> <span class='ocrx_word' id='word_1_330' title='bbox 1286 3288 1340 3358; x_wconf 52' lang='lat' dir='ltr'>told</span> 
     </span>
     <span class='ocr_line' id='line_1_33' title="bbox 138 3387 1339 3461; baseline -0.002 -14"><span class='ocrx_word' id='word_1_331' title='bbox 138 3395 359 3449; x_wconf 71' lang='lat' dir='ltr'>praedicatorum</span> <span class='ocrx_word' id='word_1_332' title='bbox 388 3397 554 3449; x_wconf 89' lang='lat' dir='ltr'>monasterio</span> <span class='ocrx_word' id='word_1_333' title='bbox 582 3396 747 3449; x_wconf 87' lang='lat' dir='ltr'>sanctissimi</span> <span class='ocrx_word' id='word_1_334' title='bbox 764 3396 911 3461; x_wconf 77' lang='lat' dir='ltr'>Maximini,</span> <span class='ocrx_word' id='word_1_335' title='bbox 946 3395 981 3448; x_wconf 90' lang='lat' dir='ltr'>de</span> <span class='ocrx_word' id='word_1_336' title='bbox 1005 3396 1113 3450; x_wconf 91' lang='lat' dir='ltr'>collatis</span> <span class='ocrx_word' id='word_1_337' title='bbox 1139 3398 1206 3450; x_wconf 90' lang='lat' dir='ltr'>mibi</span> <span class='ocrx_word' id='word_1_338' title='bbox 1229 3387 1339 3449; x_wconf 78' lang='lat' dir='ltr'>inmensis</span> 
     </span>
     <span class='ocr_line' id='line_1_34' title="bbox 139 3494 1342 3562; baseline -0.002 -15"><span class='ocrx_word' id='word_1_339' title='bbox 139 3494 300 3547; x_wconf 89' lang='lat' dir='ltr'>muneribus</span> <span class='ocrx_word' id='word_1_340' title='bbox 319 3495 430 3562; x_wconf 78' lang='lat' dir='ltr'>gratias,</span> <span class='ocrx_word' id='word_1_341' title='bbox 444 3494 509 3547; x_wconf 92' lang='lat' dir='ltr'>licet</span> <span class='ocrx_word' id='word_1_342' title='bbox 529 3495 667 3562; x_wconf 72' lang='lat' dir='ltr'>indignus</span> <span class='ocrx_word' id='word_1_343' title='bbox 680 3494 770 3548; x_wconf 91' lang='lat' dir='ltr'>eidem</span> <span class='ocrx_word' id='word_1_344' title='bbox 791 3507 864 3561; x_wconf 87' lang='lat' dir='ltr'>quae</span> <span class='ocrx_word' id='word_1_345' title='bbox 884 3494 1078 3548; x_wconf 89' lang='lat' dir='ltr'>liberalissima</span> <span class='ocrx_word' id='word_1_346' title='bbox 1096 3495 1166 3549; x_wconf 90' lang='lat' dir='ltr'>mibi</span> <span class='ocrx_word' id='word_1_347' title='bbox 1185 3495 1342 3550; x_wconf 75' lang='lat' dir='ltr'>mitretcrert</span> 
     </span>
    </p>
   </div>
   <div class='ocr_carea' id='block_1_6' title="bbox 137 3592 776 3660">
    <p class='ocr_par' dir='ltr' id='par_1_7' title="bbox 137 3592 776 3660">
     <span class='ocr_line' id='line_1_35' title="bbox 137 3592 776 3660; baseline 0.005 -16"><span class='ocrx_word' id='word_1_348' title='bbox 137 3592 269 3656; x_wconf 85' lang='lat' dir='ltr'>actiones,</span> <span class='ocrx_word' id='word_1_349' title='bbox 283 3598 431 3660; x_wconf 83' lang='lat' dir='ltr'>antequam</span> <span class='ocrx_word' id='word_1_350' title='bbox 443 3593 478 3645; x_wconf 91' lang='lat' dir='ltr'>ad</span> <span class='ocrx_word' id='word_1_351' title='bbox 491 3593 601 3660; x_wconf 88' lang='lat' dir='ltr'>propria</span> <span class='ocrx_word' id='word_1_352' title='bbox 614 3607 776 3647; x_wconf 90' lang='lat' dir='ltr'>remearem.</span> 
     </span>
    </p>
   </div>
   <div class='ocr_carea' id='block_1_7' title="bbox 330 3797 1177 3869">
    <p class='ocr_par' dir='ltr' id='par_1_8' title="bbox 330 3797 1177 3869">
     <span class='ocr_line' id='line_1_36' title="bbox 330 3797 1177 3869; baseline 0.002 -13"><span class='ocrx_word' id='word_1_353' title='bbox 330 3801 383 3857; x_wconf 84' lang='lat' dir='ltr'>De</span> <span class='ocrx_word' id='word_1_354' title='bbox 396 3799 551 3869; x_wconf 82' lang='lat' dir='ltr'>quodam</span> <span class='ocrx_word' id='word_1_355' title='bbox 566 3797 740 3858; x_wconf 81' lang='lat' dir='ltr'>mtraeulo</span> <span class='ocrx_word' id='word_1_356' title='bbox 754 3797 956 3859; x_wconf 80' lang='lat' dir='ltr'>incivitate</span> <span class='ocrx_word' id='word_1_357' title='bbox 970 3797 1177 3860; x_wconf 59' lang='lat' dir='ltr'>Maniliae.</span> 
     </span>
    </p>
   </div>
   <div class='ocr_carea' id='block_1_8' title="bbox 134 3984 1385 4559">
    <p class='ocr_par' dir='ltr' id='par_1_9' title="bbox 134 3984 1385 4559">
     <span class='ocr_line' id='line_1_37' title="bbox 170 3984 1385 4059; baseline 0.005 -19"><span class='ocrx_word' id='word_1_358' title='bbox 170 3990 202 4042; x_wconf 84' lang='lat'>4.</span> <span class='ocrx_word' id='word_1_359' title='bbox 221 3991 329 4051; x_wconf 87' lang='lat' dir='ltr'>Verum,</span> <span class='ocrx_word' id='word_1_360' title='bbox 352 3990 417 4042; x_wconf 90' lang='lat' dir='ltr'>dum</span> <span class='ocrx_word' id='word_1_361' title='bbox 443 3994 617 4054; x_wconf 89' lang='lat' dir='ltr'>praesentem</span> <span class='ocrx_word' id='word_1_362' title='bbox 638 3990 835 4043; x_wconf 88' lang='lat' dir='ltr'>miraculorum</span> <span class='ocrx_word' id='word_1_363' title='bbox 854 3991 998 4045; x_wconf 89' lang='lat' dir='ltr'>materiam</span> <span class='ocrx_word' id='word_1_364' title='bbox 1019 4003 1158 4059; x_wconf 87' lang='lat' dir='ltr'>sequerer</span> <span class='ocrx_word' id='word_1_365' title='bbox 1182 3998 1211 4047; x_wconf 91' lang='lat' dir='ltr'>et</span> <span class='ocrx_word' id='word_1_366' title='bbox 1239 3984 1385 4049; x_wconf 75' lang='lat' dir='ltr'>biennali</span> 
     </span>
     <span class='ocr_line' id='line_1_38' title="bbox 136 4087 1360 4156; baseline 0.006 -17"><span class='ocrx_word' id='word_1_367' title='bbox 136 4087 289 4139; x_wconf 91' lang='lat' dir='ltr'>secundum</span> <span class='ocrx_word' id='word_1_368' title='bbox 302 4088 355 4139; x_wconf 89' lang='lat' dir='ltr'>mei</span> <span class='ocrx_word' id='word_1_369' title='bbox 369 4088 472 4152; x_wconf 76' lang='lat' dir='ltr'>ingenii</span> <span class='ocrx_word' id='word_1_370' title='bbox 494 4089 661 4156; x_wconf 88' lang='lat' dir='ltr'>facultatem,</span> <span class='ocrx_word' id='word_1_371' title='bbox 684 4088 758 4155; x_wconf 87' lang='lat' dir='ltr'>quod</span> <span class='ocrx_word' id='word_1_372' title='bbox 779 4096 944 4156; x_wconf 77' lang='lat' dir='ltr'>congrueret</span> <span class='ocrx_word' id='word_1_373' title='bbox 964 4091 1008 4143; x_wconf 91' lang='lat' dir='ltr'>vel</span> <span class='ocrx_word' id='word_1_374' title='bbox 1020 4090 1106 4144; x_wconf 84' lang='lat' dir='ltr'>etiarn</span> <span class='ocrx_word' id='word_1_375' title='bbox 1118 4095 1286 4149; x_wconf 87' lang='lat' dir='ltr'>conveniret</span> <span class='ocrx_word' id='word_1_376' title='bbox 1296 4089 1360 4147; x_wconf 81' lang='lat' dir='ltr'>ulad</span> 
     </span>
     <span class='ocr_line' id='line_1_39' title="bbox 136 4183 1362 4258; baseline 0.008 -24"><span class='ocrx_word' id='word_1_377' title='bbox 136 4183 333 4236; x_wconf 90' lang='lat' dir='ltr'>discussionem</span> <span class='ocrx_word' id='word_1_378' title='bbox 347 4196 440 4236; x_wconf 91' lang='lat' dir='ltr'>eorum</span> <span class='ocrx_word' id='word_1_379' title='bbox 455 4198 517 4237; x_wconf 92' lang='lat' dir='ltr'>cum</span> <span class='ocrx_word' id='word_1_380' title='bbox 530 4185 673 4253; x_wconf 80' lang='lat' dir='ltr'>diligentia</span> <span class='ocrx_word' id='word_1_381' title='bbox 688 4187 873 4253; x_wconf 82' lang='lat' dir='ltr'>pervenirem,</span> <span class='ocrx_word' id='word_1_382' title='bbox 885 4188 954 4240; x_wconf 93' lang='lat' dir='ltr'>miro</span> <span class='ocrx_word' id='word_1_383' title='bbox 966 4186 1078 4242; x_wconf 91' lang='lat' dir='ltr'>divinae</span> <span class='ocrx_word' id='word_1_384' title='bbox 1090 4192 1249 4258; x_wconf 88' lang='lat' dir='ltr'>sapientiae</span> <span class='ocrx_word' id='word_1_385' title='bbox 1260 4192 1362 4247; x_wconf 83' lang='lat' dir='ltr'>oonsilio</span> 
     </span>
     <span class='ocr_line' id='line_1_40' title="bbox 134 4283 1363 4360; baseline 0.011 -26"><span class='ocrx_word' id='word_1_386' title='bbox 134 4288 164 4334; x_wconf 93' lang='lat' dir='ltr'>ut</span> <span class='ocrx_word' id='word_1_387' title='bbox 173 4283 201 4333; x_wconf 92' lang='lat' dir='ltr'>in</span> <span class='ocrx_word' id='word_1_388' title='bbox 213 4283 318 4335; x_wconf 84' lang='lat' dir='ltr'>devotis</span> <span class='ocrx_word' id='word_1_389' title='bbox 331 4283 463 4336; x_wconf 83' lang='lat' dir='ltr'>beneficia</span> <span class='ocrx_word' id='word_1_390' title='bbox 476 4284 573 4337; x_wconf 90' lang='lat' dir='ltr'>solitae</span> <span class='ocrx_word' id='word_1_391' title='bbox 587 4286 694 4350; x_wconf 88' lang='lat' dir='ltr'>pietatis</span> <span class='ocrx_word' id='word_1_392' title='bbox 707 4285 856 4339; x_wconf 87' lang='lat' dir='ltr'>dilectricis</span> <span class='ocrx_word' id='word_1_393' title='bbox 870 4285 967 4339; x_wconf 88' lang='lat' dir='ltr'>fierent</span> <span class='ocrx_word' id='word_1_394' title='bbox 986 4290 1113 4354; x_wconf 89' lang='lat' dir='ltr'>apertius</span> <span class='ocrx_word' id='word_1_395' title='bbox 1128 4293 1363 4360; x_wconf 68' lang='lat' dir='ltr'>manifestaque</span> 
     </span>
     <span class='ocr_line' id='line_1_41' title="bbox 136 4378 1365 4454; baseline 0.012 -26"><span class='ocrx_word' id='word_1_396' title='bbox 136 4378 242 4432; x_wconf 88' lang='lat' dir='ltr'>dilectis</span> <span class='ocrx_word' id='word_1_397' title='bbox 257 4383 314 4433; x_wconf 90' lang='lat' dir='ltr'>suis</span> <span class='ocrx_word' id='word_1_398' title='bbox 327 4395 343 4434; x_wconf 86' lang='lat' dir='ltr'>a</span> <span class='ocrx_word' id='word_1_399' title='bbox 355 4382 453 4435; x_wconf 91' lang='lat' dir='ltr'>dilecto</span> <span class='ocrx_word' id='word_1_400' title='bbox 475 4384 622 4448; x_wconf 89' lang='lat' dir='ltr'>impetrare</span> <span class='ocrx_word' id='word_1_401' title='bbox 643 4397 699 4438; x_wconf 92' lang='lat' dir='ltr'>non</span> <span class='ocrx_word' id='word_1_402' title='bbox 721 4389 818 4450; x_wconf 86' lang='lat' dir='ltr'>cessat,</span> <span class='ocrx_word' id='word_1_403' title='bbox 833 4384 887 4438; x_wconf 90' lang='lat' dir='ltr'>lale</span> <span class='ocrx_word' id='word_1_404' title='bbox 907 4386 1024 4454; x_wconf 78' lang='lat' dir='ltr'>contigit</span> <span class='ocrx_word' id='word_1_405' title='bbox 1042 4386 1214 4444; x_wconf 87' lang='lat' dir='ltr'>miraculum</span> <span class='ocrx_word' id='word_1_406' title='bbox 1228 4393 1259 4445; x_wconf 93' lang='lat' dir='ltr'>in</span> <span class='ocrx_word' id='word_1_407' title='bbox 1271 4393 1365 4446; x_wconf 78' lang='lat' dir='ltr'>famose</span> 
     </span>
     <span class='ocr_line' id='line_1_42' title="bbox 135 4477 1385 4559; baseline 0.01 -32"><span class='ocrx_word' id='word_1_408' title='bbox 135 4477 267 4532; x_wconf 80' lang='lat' dir='ltr'>llassiliae</span> <span class='ocrx_word' id='word_1_409' title='bbox 280 4481 438 4533; x_wconf 81' lang='lat' dir='ltr'>Provinciae</span> <span class='ocrx_word' id='word_1_410' title='bbox 451 4481 570 4548; x_wconf 87' lang='lat' dir='ltr'>civitate,</span> <span class='ocrx_word' id='word_1_411' title='bbox 585 4484 631 4536; x_wconf 92' lang='lat' dir='ltr'>ubi</span> <span class='ocrx_word' id='word_1_412' title='bbox 645 4485 704 4550; x_wconf 90' lang='lat' dir='ltr'>ipsa</span> <span class='ocrx_word' id='word_1_413' title='bbox 715 4485 743 4536; x_wconf 91' lang='lat' dir='ltr'>in</span> <span class='ocrx_word' id='word_1_414' title='bbox 762 4497 869 4539; x_wconf 91' lang='lat' dir='ltr'>summa</span> <span class='ocrx_word' id='word_1_415' title='bbox 881 4486 1064 4540; x_wconf 86' lang='lat' dir='ltr'>veneratione</span> <span class='ocrx_word' id='word_1_416' title='bbox 1080 4487 1204 4543; x_wconf 84' lang='lat' dir='ltr'>babetur</span> <span class='ocrx_word' id='word_1_417' title='bbox 1222 4504 1274 4559; x_wconf 83' lang='lat' dir='ltr'>per</span> <span class='ocrx_word' id='word_1_418' title='bbox 1285 4487 1385 4553; x_wconf 78' lang='lat' dir='ltr'>ciresl</span> 
     </span>
    </p>
   </div>
   <div class='ocr_carea' id='block_1_9' title="bbox 0 0 1542 5498">
    <p class='ocr_par' dir='ltr' id='par_1_10' title="bbox 0 0 1542 5498">
     <span class='ocr_line' id='line_1_43' title="bbox 0 0 1542 5498; baseline 0 3"><span class='ocrx_word' id='word_1_419' title='bbox 0 0 1542 5498; x_wconf 95' lang='lat' dir='ltr'> </span> 
     </span>
    </p>
   </div>
  </div>
 </body>
</html>
