3076 5498
253 315 297 381 30
597 333 723 383 caran.
745 331 846 382 cono.
866 333 1039 384 naamon.
1060 334 1139 384 nar.

256 501 380 557 llrmabat
392 502 525 558 allectus'.
538 504 609 557 Talis
622 508 681 557 erat
691 504 791 559 ardens
803 518 835 557 ac
853 503 992 572 perlucida
1010 504 1122 557 lucerna
1140 504 1293 572 oculusque
1304 507 1390 560 totius
1411 507 1483 561 orbis

252 603 392 656 lohannes
413 604 577 671 patriarcha,
602 605 669 658 civis
689 617 813 657 summae
829 603 992 667 Jerusalem,
1016 604 1172 670 exemplum
1196 605 1225 657 in
1252 605 1359 659 cunctis
1382 606 1483 659 bonum

253 701 375 767 seipsum
395 703 531 769 praebens
553 701 723 756 hominihus.
742 705 818 755 Tunc
840 707 930 755 autem
952 702 1064 768 perlecti
1086 701 1213 768 discipuli
1235 702 1315 769 liunt,
1335 717 1398 757 cum
1420 704 1483 758 boni

252 801 374 869 magistri
396 807 549 870 sequuntur
570 803 703 869 exempla.
716 805 775 855 lion
787 803 862 855 enim
871 807 977 855 tantum
990 802 1074 856 verbo
1096 808 1229 869 quantum
1252 808 1317 857 actu
1337 803 1485 870 discipulos

252 911 351 953 acuere
362 901 512 954 consuevit.
536 885 537 889 ’
1498 906 1532 951 ..¹

285 998 336 1052 21.
349 998 402 1052 Sed
414 1005 442 1052 et
453 999 569 1065 Spiritus
581 1000 666 1052 sancti
680 999 828 1053 adventum
840 999 975 1065 inspicere
987 998 1083 1052 solitus
1093 1003 1151 1051 erat
1162 999 1204 1050 vir
1214 999 1261 1053 liei
1273 999 1484 1066 chrysostomus

250 1099 390 1152 lohannes
401 1101 529 1166 quotiens
541 1099 673 1154 offerebat
686 1098 800 1153 homino
812 1105 937 1153 sanctum
950 1097 1217 1166 sacrificiumcujus
1228 1101 1349 1165 mysterii
1361 1105 1486 1166 tempore

251 1197 350 1265 aliquis
361 1199 396 1252 de
407 1200 567 1253 diaconibus
577 1199 650 1252 illius
662 1199 821 1266 aliquando,
836 1198 951 1252 llabellis
964 1199 1101 1252 ventilare
1114 1199 1198 1251 sacris
1211 1199 1347 1265 mysteriis
1360 1200 1483 1266 sortitus,

253 1297 334 1351 oculo
346 1312 396 1352 suo
406 1312 454 1366 per
465 1312 600 1353 cameram
614 1300 734 1366 porticus
746 1299 878 1352 ccclesiae
888 1299 1047 1364 inspiciens,
1061 1299 1177 1351 attendit
1188 1311 1220 1350 ex
1233 1298 1371 1353 desiderio
1389 1298 1485 1366 iniquo

251 1396 392 1463 cujusdam
411 1397 535 1451 mulieris
553 1410 709 1464 personam.
727 1398 842 1464 Spiritus
862 1411 928 1450 vero
941 1403 1052 1450 sanctus
1072 1402 1102 1450 ut
1122 1397 1228 1450 solebat
1249 1410 1426 1464 nequaquam
1439 1397 1484 1450 de·

250 1494 359 1549 scendit
372 1507 457 1563 super
468 1509 592 1549 mensam
605 1497 691 1549 sancti
704 1496 841 1563 sacrificii,
854 1496 889 1549 ad
900 1495 1104 1562 declarandam,
1117 1509 1187 1563 reor,
1202 1497 1377 1550 occasionem
1389 1496 1485 1550 levitae

250 1598 279 1646 et
291 1607 422 1662 magnum
436 1595 509 1649 beati
522 1596 574 1648 viri
585 1595 713 1649 meritum
727 1596 761 1648 ab
774 1593 934 1648 hominibus
945 1595 1133 1661 ampliandum
1147 1594 1175 1647 in
1187 1594 1351 1663 corrigendo
1369 1595 1485 1648 diacono

249 1706 299 1760 per
309 1695 409 1761 ipsum.
420 1694 473 1749 Sed
488 1701 600 1748 sanctus
613 1700 699 1761 pater,
714 1695 748 1748 ad
767 1701 944 1763 augmentum
963 1695 1112 1763 insignium
1130 1696 1291 1748 meritorum
1311 1708 1436 1759 suorum,
1451 1708 1484 1749 ex

250 1795 329 1849 solita
341 1796 425 1850 multa
439 1796 591 1849 humilitate
603 1810 662 1860 sua,
682 1799 736 1849 beo
758 1801 934 1863 cooperante,
953 1810 982 1849 se
1001 1796 1140 1863 culpabat,
1154 1796 1202 1849 sed
1219 1801 1246 1848 et
1256 1808 1304 1849 eos
1315 1796 1364 1863 qui
1378 1797 1483 1849 assiste-

249 1894 317 1947 bant
327 1907 405 1948 sacro
418 1896 506 1949 altari.
520 1896 639 1949 Flahella
650 1908 715 1949 vero
727 1897 906 1949 constituerat
918 1896 1077 1949 ventilantia
1095 1908 1145 1961 per
1157 1895 1305 1960 ministros,
1319 1899 1350 1948 ut
1362 1896 1397 1949 ab
1406 1894 1482 1949 omni

250 1994 351 2060 injuria
363 2007 411 2061 per
424 1993 484 2061 ipsa
495 1995 713 2049 defenderentur
724 2001 818 2048 sancta
838 2008 964 2060 munera,
983 1993 1187 2060 quodammodo
1211 1994 1348 2061 signantia
1369 1994 1437 2064 alas,
1456 1994 1482 2047 id

250 2098 292 2147 est
304 2107 425 2147 summas
436 2096 561 2157 virtutes,
574 2096 698 2149 omnium
719 2100 887 2160 sanctorum,
910 2094 1027 2161 Spiritus
1046 2094 1133 2146 saneti
1155 2093 1229 2159 ilatu,
1249 2094 1300 2147 hoc
1312 2100 1356 2147 est
1368 2092 1484 2160 inspira·

250 2193 334 2261 tione,
348 2194 413 2247 satis
429 2194 524 2260 plenas
536 2194 752 2261 tranquillasque
765 2207 874 2259 semper
885 2186 1039 2258 manentes,
1052 2194 1153 2259 quihus
1165 2193 1259 2246 volant
1271 2192 1331 2245 sine
1341 2193 1419 2246 omni
1433 2192 1482 2245 las·

194 2342 199 2349 .
250 2292 372 2345 situdine
384 2294 482 2346 sancti.
496 2294 627 2347 Scrutans
638 2299 729 2346 autem
741 2294 782 2346 vir
796 2292 841 2345 bei
854 2299 881 2345 et
902 2292 1008 2344 nullum
1027 2292 1078 2345 sibi
1097 2292 1203 2344 crimen
1220 2303 1384 2359 agnoscens,
1402 2291 1483 2358 lussit

252 2392 372 2444 amoveri
386 2392 518 2459 agitantes
532 2396 598 2444 tunc
611 2404 687 2444 sacra
696 2391 848 2445 ventilabra
861 2408 868 2456 ;
882 2403 930 2456 pro
949 2391 1050 2456 quibus
1068 2388 1263 2442 accedentibus
1279 2389 1342 2440 aliis
1361 2393 1388 2441 et
1399 2389 1483 2456 Spiri-
1530 2400 1532 2406 ·

252 2494 282 2544 tu
303 2496 398 2544 sancto
419 2492 510 2545 subito
528 2504 612 2557 super
632 2489 741 2543 divinae
762 2490 850 2543 laudis
873 2490 987 2542 hostiam
1009 2490 1146 2554 veniente,
1165 2488 1291 2556 cognovit
1308 2493 1483 2554 peccatorem

251 2590 313 2656 quis
324 2594 407 2643 esset.
420 2591 504 2654 ouem
517 2594 578 2657 post
589 2590 691 2656 aculpa
704 2590 830 2643 liberavit
840 2589 1023 2654 paenitentem
1034 2604 1042 2653 ;
1052 2588 1170 2654 iecitque
1179 2587 1339 2654 dependere
1350 2587 1483 2640 latissima

250 2688 385 2741 velamina
398 2689 426 2740 in
447 2689 572 2754 cameris,
593 2688 695 2753 quihus
710 2687 839 2752 expansis
857 2685 1032 2738 clauderetur
1052 2690 1164 2738 extunc
1183 2686 1238 2752 jam
1261 2684 1383 2749 porticus
1406 2685 1482 2739 horis

250 2788 329 2854 aptis,
339 2789 424 2854 gratia
436 2786 549 2840 tollendi
565 2788 723 2840 occasiones
744 2785 852 2839 illicitas
872 2785 978 2837 visibus
999 2790 1159 2837 cunctorum
1178 2783 1387 2837 consistentium
1410 2784 1482 2838 intra

249 2885 404 2940 ecclesiam.

281 2985 336 3038 22.
349 2988 412 3039 brat
423 2987 465 3039 vir
476 2985 645 3040 clarissimus
663 2985 813 3049 nativitate,
826 2984 910 3037 verbo
922 2989 948 3036 et
967 2988 1029 3037 actu
1048 2983 1121 3049 apud
1138 2986 1224 3037 heum
1236 2987 1264 3034 et
1275 2981 1351 3048 apud
1364 2984 1488 3052 angelos

249 3090 277 3138 et
288 3085 361 3152 apud
373 3085 509 3152 homines,
522 3087 710 3154 'theognostus
723 3084 844 3148 nomine,
857 3083 1050 3135 dilectissimus
1068 3081 1183 3135 Arcadio
1196 3082 1368 3149 imperatori,
1382 3083 1491 3136 ditissi-

249 3198 310 3237 mus
321 3190 348 3238 et
360 3185 445 3239 multa
457 3185 588 3253 dignitate
599 3186 721 3237 ornatus.
735 3183 785 3247 Qui
800 3183 987 3249 Theognostus
1006 3182 1203 3247 interpretatur
1220 3183 1275 3234 beo
1289 3185 1383 3248 notus,
1397 3196 1490 3249 quem

248 3283 400 3337 secundum
412 3283 498 3350 ipsius
516 3283 635 3337 nominis
656 3281 911 3348 interpretationem
934 3283 1005 3333 bens
1026 3280 1201 3346 omnipotens
1213 3279 1344 3346 dignatus
1356 3287 1399 3333 est
1409 3280 1496 3335 inter·

248 3396 312 3436 suos
324 3383 413 3435 bonos
425 3383 564 3450 cognitum
578 3382 687 3434 habere.
701 3382 749 3444 Qui
763 3394 811 3446 per
823 3379 1026 3432 sanctissimum
1039 3379 1128 3431 virum
1141 3379 1365 3445 chrysostomum
1382 3380 1492 3434 tonan·
1516 3373 1532 3423 ἒ

248 3493 322 3547 nem,
335 3481 667 3546 constantinopolitanum
679 3479 845 3544 praesulem,
859 3491 952 3531 veram
964 3476 1047 3530 fidem
1065 3477 1111 3530 bei
1124 3477 1258 3529 veraciter
1270 3477 1387 3531 edoctus
1401 3483 1445 3531 est
1456 3480 1492 3531 et

246 3581 383 3633 Christum
394 3584 424 3633 ut
435 3593 530 3633 verum
543 3581 694 3646 hominem,
713 3592 806 3648 carne,
819 3579 921 3643 anima,
936 3579 1042 3631 ratione
1059 3578 1243 3644 sensibusque
1261 3582 1431 3644 exstantem,
1444 3579 1484 3631 sic

248 3681 352 3733 aeterni
365 3680 410 3732 bei
423 3680 476 3732 vivi
488 3686 515 3732 et
526 3680 583 3732 veri
595 3684 737 3732 aeternum
750 3679 857 3740 Filium,
870 3679 962 3730 virum
971 3684 1000 3731 et
1010 3690 1105 3730 verum
1118 3680 1213 3742 heum,
1227 3689 1283 3730 non
1295 3682 1422 3732 creatum
1432 3689 1481 3732 nec

248 3780 383 3832 minorem
396 3781 469 3832 Patri
481 3779 510 3831 in
522 3779 625 3845 aliquo,
638 3779 686 3832 sed
705 3779 848 3845 aequalem
861 3779 933 3830 Patri
954 3792 1017 3830 cum
1039 3786 1133 3830 sancto
1152 3777 1265 3843 Spiritu,
1278 3779 1360 3844 cujus
1372 3791 1479 3846 semper

247 3879 385 3945 processio
396 3883 438 3931 est
449 3892 484 3931 ex
496 3881 574 3931 Patre
587 3885 614 3932 et
625 3878 703 3943 Filio,
717 3885 779 3930 ante
792 3884 891 3930 cuncta
904 3878 1047 3943 existente,
1060 3880 1211 3930 creatorem
1225 3886 1285 3929 esse
1298 3877 1405 3943 optime
1418 3890 1477 3931 con·
1488 3879 1514 3933 tt

246 3977 327 4031 tltens
339 3979 524 4044 praedicabat,
536 3978 729 4031 contradicens
740 3978 870 4030 omnihus
882 3977 1027 4030 haereticis
1044 3975 1079 4028 de
1098 3980 1172 4029 recta
1185 3975 1238 4029 side
1251 3975 1324 4028 male
1336 3977 1479 4031 sentienti·

247 4078 308 4131 bus.
320 4078 396 4131 Alius
416 4084 506 4131 autern
525 4082 584 4131 erat
594 4076 678 4143 judex
697 4077 876 4143 reipublicae,
899 4077 1051 4129 Dorotheus
1072 4076 1193 4138 nomine,
1215 4076 1327 4128 arianae
1350 4075 1480 4142 perfidiae

247 4182 380 4244 sectatam
394 4179 472 4245 cujus
484 4178 630 4230 haereseos
643 4176 745 4229 malitia
757 4181 882 4228 caecatus
895 4189 925 4228 ac
939 4182 1087 4242 permotus,
1103 4173 1186 4227 nimis
1198 4174 1295 4228 odiens
1306 4177 1481 4240 praedictum

246 4280 400 4330 senatorem
424 4276 636 4341 theognostum,
658 4275 745 4327 varias
762 4275 920 4327 occasiones
941 4275 1058 4327 nocendi
1080 4275 1158 4327 illum
1181 4274 1246 4326 satis
1266 4286 1421 4342 quaerens,
1435 4277 1483 4331 sed

244 4377 358 4429 minime
371 4375 455 4428 valuit
467 4375 599 4439 reperire.
612 4376 663 4426 Pro
676 4386 729 4439 qua
743 4385 782 4436 re,
793 4374 870 4439 juxta
884 4386 986 4426 morem
995 4373 1136 4440 judaicum
1149 4372 1184 4425 ad
1197 4373 1296 4424 Christi
1310 4374 1483 4429 condemna·
1498 4382 1528 4435 td

244 4476 358 4541 tionem,
371 4475 407 4528 de
418 4474 529 4540 divitiis,
542 4487 610 4540 quas
631 4473 729 4526 multas
743 4473 901 4538 possidebat
918 4472 967 4526 sed
988 4473 1139 4539 plurimum
1156 4470 1352 4539 possidebatur
1375 4476 1415 4527 ab
1434 4474 1485 4542 eis,

245 4576 314 4629 dans
325 4587 440 4629 munera
452 4575 560 4628 duobus
572 4573 635 4625 tiliis
648 4573 741 4641 Belial,
756 4573 854 4627 falsum
874 4572 1060 4627 testimonium
1081 4584 1175 4627 secum
1196 4582 1245 4625 eos
1262 4569 1358 4626 dicere
1370 4586 1487 4639 persua·
