3076 5498
375 339 468 389 oran.
488 338 569 388 nar.
589 339 706 389 naurs.
727 360 769 369 -
786 339 958 390 supponit.
978 343 1003 390 ι.
1232 326 1299 393 563

220 556 481 646 DGGGLXIV.
507 559 633 646 Godex
653 560 841 671 signatus
861 586 974 649 num.
1000 560 1150 649 12601.

102 776 172 830 Olim
187 777 356 843 San-Germ,
370 780 446 845 prius
457 781 516 840 bill,
531 793 586 833 rec.
599 782 658 833 tot.

104 877 245 930 Foliorum
256 880 305 932 270
315 883 433 944 (praeter
441 881 558 932 insiticia
571 880 621 932 tria
634 882 663 932 in
673 881 761 946 eapite
770 885 797 932 et
806 893 892 933 unum
903 880 936 932 ad
947 879 1068 943 calcem),
1080 879 1151 933 med.
1164 881 1300 946 (bno-'iiix

64 977 166 1044 cast),
180 978 316 1031 columnis
327 979 411 1047 binis,
425 986 554 1033 exaratus
567 993 639 1033 saec.
654 982 708 1032 xtl.

173 1076 212 1150 l⁰
236 1075 278 1152 ln
294 1075 420 1155 natale
434 1083 658 1155 sanctornm
672 1078 866 1156 Timothei
882 1085 920 1154 ei
934 1076 1210 1178 Symphoriani
1222 1064 1300 1176 (fol.

172 1199 434 1402 1093191ῗαίὦί
478 1334 633 1403 sanctae
671 1323 901 1402 Fuscinulae
942 1322 1104 1424 virginis
1146 1323 1305 1425 [sororis

224 1448 260 1525 S.
283 1449 380 1527 Aviti
399 1449 575 1549 episcopi
595 1447 834 1548 Viennensis]
848 1447 928 1540 (fol.
951 1445 1164 1546 tutu-tou).

99 1573 163 1625 vita
177 1585 233 1626 non
246 1573 360 1640 integra,
374 1574 486 1639 inedita,
502 1580 533 1625 ut
544 1574 660 1626 videtur.
675 1572 733 1624 vid.
747 1572 870 1639 append.

171 1670 211 1747 3⁰
236 1671 279 1748 ln
296 1671 423 1750 natale
440 1672 562 1749 sancti
577 1672 596 1748 J
601 1671 721 1748 uliani
734 1670 928 1773 [martyris
943 1669 1205 1771 Arvernensis]
1222 1668 1299 1769 (iol.

224 1794 461 1895 tulf-tuori*
844 1813 847 1819 ·

172 1918 213 1994 4⁰
239 1918 281 1995 ln
298 1919 416 1998 natali
435 1919 557 1997 sancii
575 1918 735 1996 Lauteni
753 1917 907 1995 abbatis
924 1917 1001 2015 (fol.
1025 1916 1240 2017 tols-tou).

96 2043 154 2098 Ed.
168 2055 222 2109 ope
235 2044 316 2109 buius
328 2043 389 2097 cod.
403 2045 467 2098 Act.
481 2045 538 2109 Su,
552 2043 586 2096 ad
601 2045 628 2096 d.
644 2046 654 2095 t
671 2045 749 2105 Nor..
764 2048 830 2095 tom.
847 2044 866 2106 l,
880 2057 907 2108 p.
921 2044 1023 2095 muti.

172 2141 214 2218 5⁰
239 2140 282 2217 In
300 2141 417 2219 natali
437 2141 559 2220 suncti
580 2140 719 2217 Briccii
739 2140 818 2237 (fol.
843 2140 1085 2239 tout-toln*

172 2265 214 2342 6⁰
239 2262 282 2340 ln
300 2264 417 2341 natali
438 2265 558 2342 sancti
578 2263 754 2340 Andreae
768 2263 845 2363 (iol.
869 2263 1107 2362 llll-'libbl

94 2389 227 2458 Epistola
242 2389 462 2456 presbyterorum
475 2390 591 2442 llcbaiae
605 2390 647 2454 il).

548 2560 841 2573 ᾖ*

408 2788 617 2900 Appendix
637 2790 687 2878 ed
709 2789 793 2877 cod.
822 2790 972 2879 12601.

295 3024 380 3090 Vt'la
398 3044 546 3112 sonorus
560 3027 778 3092 ¹Fuscruunnn
794 3025 876 3113 (Cir.
896 3047 1007 3112 supra,
1025 3028 1085 3110 2⁰).

317 3218 360 3274 Iu
378 3214 495 3275 natali
509 3217 658 3276 sanctos
677 3216 892 3276 Fuscinulao
906 3215 1072 3289 maula.

93 3408 230 3479 [noetio
244 3407 372 3478 prima}
392 3409 515 3462 Gloriosa
532 3408 613 3463 laude
631 3415 656 3461 et
674 3410 850 3475 praedicabili
868 3410 1000 3478 dignitate
1019 3411 1115 3463 beatus
1132 3409 1252 3470 llisitius,
1270 3411 1312 3462 vir

48 3521 175 3585 genere
186 3507 280 3560 clarus
293 3512 320 3560 et
332 3507 473 3560 nobilitate
487 3507 602 3574 pollens,
617 3515 727 3561 senator
740 3515 830 3561 tamen
843 3506 992 3562 Galliarum
1002 3509 1080 3561 urbis
1091 3509 1221 3569 viennae,
1235 3520 1311 3560 more

10 3622 34 3677 Β
54 3608 231 3671 honestatis
244 3618 355 3661 uxorem
369 3609 471 3662 ducere
485 3622 540 3661 non
554 3610 695 3662 recusavit.
709 3611 747 3662 Ex
761 3623 814 3676 qua
828 3609 897 3662 duos
910 3609 1120 3675 gloriosissimos
1130 3607 1200 3661 lilios
1213 3621 1309 3662 unam-

53 3725 125 3783 que
138 3709 229 3763 illlam
247 3720 380 3776 generare
392 3709 553 3772 promeruit.
569 3709 691 3773 benique
713 3708 784 3761 lilios
805 3709 921 3761 sollicita
942 3707 1090 3761 dilectione
1110 3710 1139 3760 in
1151 3712 1223 3760 sorte
1235 3707 1313 3760 cleri·

52 3811 123 3869 eali
137 3811 199 3861 Deo
211 3805 320 3871 obtulit,
335 3805 418 3859 liliam
432 3820 543 3874 quoque
556 3807 583 3858 in
597 3821 674 3860 sacro
687 3813 715 3860 et
728 3808 755 3859 in
769 3807 982 3860 sanctimonialis
995 3807 1088 3859 babitu
1107 3808 1151 3873 pia
1163 3806 1313 3860 devotione

53 3909 187 3968 cbristo
200 3905 353 3973 assignavit.
369 3908 490 3972 Namque
508 3911 538 3959 ut
558 3907 671 3959 nomina
692 3912 787 3959 eorum
811 3907 924 3958 minime
936 3906 1081 3958 tradantur
1093 3904 1237 3970 oblivioni,
1251 3906 1313 3958 stilo

54 4002 248 4067 sinceritatis
272 4011 434 4070 praenotare
455 4003 618 4058 studuimus
645 4006 751 4058 Primus
775 4018 884 4073 quoque
909 4006 1000 4057 Avitus
1023 4005 1175 4058 dinoscitur
1187 4005 1310 4067 nomine,

10 4112 34 4169 b
55 4103 221 4166 secundus
233 4117 298 4157 vero
309 4104 474 4169 Apollinaris
494 4104 611 4167 dicitur;
632 4105 685 4157 lilia
708 4107 781 4158 enim
803 4107 947 4158 Fuscinula
974 4111 1157 4171 nuncupatur.
1180 4109 1313 4171 Utrosque

55 4217 202 4273 namque
214 4212 268 4256 tam
281 4203 386 4256 divinis
399 4217 537 4271 quamque
553 4205 680 4257 humanis
689 4205 789 4258 litteris
799 4206 916 4259 mirabili
926 4203 1070 4258 allectione
1079 4205 1190 4258 erudire
1200 4205 1312 4272 rogauit,

99 4409 144 4471 (li
159 4402 294 4456 Continet
315 4405 454 4467 praeterea
467 4400 551 4454 codex
573 4401 705 4454 lectiones
724 4401 942 4468 compendiarias
961 4401 996 4454 de
1016 4401 1179 4468 quibusdam
1202 4403 1312 4454 sanctis.

56 4496 126 4551 nas
144 4491 244 4542 autem
263 4481 448 4536 indicabimus
466 4485 494 4535 in
508 4483 683 4536 recensendis
698 4485 843 4536 breviariis
858 4486 886 4536 in
900 4484 1097 4550 supplemento
1110 4487 1143 4536 ll.
1157 4484 1233 4547 Quod
1246 4492 1273 4537 et
1284 4486 1313 4536 in

53 4575 136 4633 altis
148 4565 298 4622 nonnullis
309 4565 449 4620 codicibus
463 4566 514 4618 boc
524 4567 583 4619 loco
595 4566 740 4631 descriptis
752 4567 880 4619 occurrit.
