3076 5498
140 268 207 335 296
484 285 609 337 curun.
630 286 732 337 cono.
751 288 925 339 nroroon.
945 291 1024 340 nar.

174 458 206 510 3.
225 457 328 511 Accidit
339 459 420 510 etiam
433 459 461 510 in
474 460 594 513 crastino
613 460 799 514 translationis
811 463 897 514 sancti
920 462 1047 515 Richardi
1069 464 1144 531 quod
1157 462 1320 530 quidannilo,
1385 496 1401 504 --

142 558 254 611 nomine
266 558 392 611 Andreas
404 559 489 621 Wale,
511 559 626 612 veniens
645 559 680 612 ad
701 560 832 614 feretrum
853 562 939 613 sancti
960 562 1100 630 llicbardi,
1122 565 1243 630 exposuit
1257 561 1322 615 ilidcn
1389 570 1400 603 2

142 670 233 711 coram
244 659 468 723 procuratoribus
481 660 680 726 negotiatorum
701 659 773 712 beati
794 659 922 714 llicbardi
944 668 971 714 et
991 661 1052 714 aliis
1065 662 1160 716 multis
1172 660 1322 730 quodquidam
1384 697 1386 700 -

140 757 266 810 vallettus
287 772 353 811 suus
376 759 405 809 in
426 758 553 824 injuriam
575 759 663 811 sancti
684 758 812 811 llicbardi
833 760 968 827 quaedam
991 762 1073 814 verba
1096 761 1228 816 derisoria
1245 759 1322 830 madan
1388 768 1401 800 ·1

141 858 207 911 dixit
219 858 337 922 levitate,
351 871 422 924 quae
437 864 526 910 umen
548 859 640 911 animo
662 859 814 925 ignorabat.
837 860 912 923 Quod
934 859 1035 913 iactum
1048 861 1161 927 impune
1180 858 1343 921 nonretruitl
1387 866 1393 897 ῑ

142 956 189 1009 sed
202 956 231 1007 in
244 957 392 1008 amentiam
415 969 509 1008 versus
527 957 627 1008 acriter
648 957 805 1022 urgebatur.
830 960 943 1010 bemum
965 958 1122 1011 cumidem
1147 960 1224 1011 miles
1239 958 1325 1011 doninus
1388 966 1401 1000 ss

143 1069 209 1109 suus
222 1056 311 1120 ipsum
324 1055 473 1119 patientem
486 1055 519 1107 ad
534 1061 658 1108 sanctum
672 1055 836 1108 llicbardum
848 1057 989 1110 humililer
999 1058 1155 1111 devovisset
1165 1065 1192 1110 et
1201 1056 1326 1124 supneaput
1398 1091 1401 1095 ,

143 1155 378 1208 suumdenarium
402 1168 464 1206 curn
486 1154 632 1208 devotione
655 1156 855 1221 complicasset,
877 1157 967 1208 statim
988 1157 1024 1209 ab
1044 1156 1204 1211 infirmitate
1223 1153 1325 1216 consulut,
1387 1163 1401 1197 ’.-

145 1266 257 1320 compos
271 1254 370 1306 mentis
381 1252 493 1307 effectus
506 1260 532 1306 ot
545 1256 652 1306 sanitati
667 1256 799 1321 pristinae
812 1256 953 1308 restitutus
965 1257 1099 1323 plenarie,
1112 1259 1212 1325 gratias
1224 1257 1327 1326 membro
1392 1288 1401 1295 -

145 1359 172 1406 et
183 1359 277 1406 sancto
286 1354 429 1416 Ricbardo,
443 1354 490 1420 qui
505 1355 595 1419 ipsum
609 1367 624 1406 a
638 1358 712 1407 tanta
726 1356 853 1420 passione
866 1355 1001 1408 liberavit.
1268 1385 1271 1389 -
1335 1346 1354 1399 ¹⁰
1386 1359 1396 1394 ἰ

177 1454 210 1506 4.
228 1452 331 1505 Accidit
343 1453 425 1504 etiam
438 1452 483 1505 (lie
496 1453 575 1505 tertia
588 1459 650 1519 post
667 1453 874 1508 translationem
894 1456 979 1508 sancti
996 1456 1127 1509 llicbardi
1150 1456 1223 1524 quod
1234 1451 1327 1523 qudam
1386 1472 1400 1489 -·

146 1552 246 1604 mulier
258 1551 293 1604 de
304 1554 452 1617 Wyntonn,
467 1552 550 1604 llicia
564 1554 687 1613 nomine,
700 1552 828 1606 detulerit
846 1553 881 1606 ad
900 1554 1032 1607 teretrum
1049 1555 1177 1620 ejusdem
1189 1551 1328 1610 sanctiliun

145 1665 235 1717 suum,
249 1651 398 1703 walterum
409 1652 529 1715 nomine,
544 1652 660 1705 surdum
681 1658 708 1704 et
730 1659 846 1719 mutum,
869 1653 1016 1707 habentem
1029 1654 1142 1708 circiter
1153 1667 1191 1708 xn
1208 1645 1327 1715 annuali

148 1764 299 1815 numquam
312 1750 436 1802 audierat
450 1763 500 1802 nec
512 1751 621 1803 locutus
634 1751 731 1816 luerat,
745 1757 775 1804 ut
790 1751 938 1805 multorum
951 1754 1110 1806 testimonio
1122 1760 1257 1807 ostensum
1267 1750 1329 1808 irent
1389 1780 1393 1785 -

149 1849 178 1900 in
191 1849 306 1902 ecelesia
319 1849 465 1901 Cicestrae.
479 1850 511 1900 Et
531 1861 593 1901 cum
614 1850 647 1902 ad
668 1850 740 1902 idem
762 1849 891 1902 feretrum
914 1863 963 1916 per
981 1852 1077 1904 boram
1090 1852 1223 1905 modicam
1232 1835 1357 1918 jerosol
1386 1854 1395 1875 ²

147 1948 249 2002 audivit
261 1953 287 2000 et
300 1947 406 2000 locutus
419 1953 469 2013 est,
484 1947 577 2000 multis
589 1948 743 2001 astantibus
756 1947 913 2002 videntibus
924 1954 952 2003 et
963 1950 1142 2003 audientibus
1155 1957 1182 2004 et
1194 1953 1269 2003 beum
1277 1947 1329 1998 bene
1387 1964 1393 1981 ·

148 2048 312 2114 dicentibus,
326 2048 372 2113 qui
387 2048 490 2099 meritis
503 2048 573 2099 beati
589 2048 714 2100 llicbardi
727 2048 825 2101 surdos
840 2049 904 2101 iecit
915 2049 1011 2102 audire
1024 2055 1050 2102 et
1063 2056 1155 2103 mutos
1169 2050 1247 2116 loqui.

182 2149 213 2202 5.
232 2147 336 2200 Accidit
348 2146 445 2200 eodem
459 2146 504 2199 die
517 2147 591 2214 quod
604 2147 739 2213 quaedam
760 2149 851 2201 vetula
869 2149 903 2201 de
924 2149 1083 2214 llalretonn,
1107 2147 1331 2215 permultorum
1398 2180 1401 2185 -

151 2252 230 2301 antea
243 2249 363 2299 existens
384 2247 497 2311 furiosa,
520 2259 596 2298 more
617 2248 693 2298 canis
715 2247 802 2299 rabidi
827 2247 903 2299 vultu
925 2253 1028 2300 retorto
1050 2247 1179 2300 bomines
1201 2245 1333 2313 estaggm⁵²
1399 2281 1401 2283 .

150 2353 283 2416 quantum
297 2348 394 2411 potuit.
408 2349 439 2398 ut
451 2359 512 2398 cum
527 2346 668 2412 paululum
683 2346 733 2399 sub
746 2346 844 2399 eodem
864 2346 965 2399 feretro
983 2359 1033 2412 per
1050 2347 1141 2399 rirum
1155 2360 1242 2411 mum,
1253 2324 1361 2412 quidm„
1395 2362 1401 2383 2

62 2513 67 2521 ι
151 2447 279 2508 ducebat,
294 2447 390 2499 luisset
402 2446 522 2514 detenta,
536 2446 645 2498 sanitati
659 2446 792 2511 pristinae
813 2447 938 2499 restituta
957 2450 999 2500 est
1011 2451 1037 2499 et
1055 2459 1170 2514 compos
1188 2440 1333 2498 montisbelli
1395 2449 1401 2480 ’-

151 2548 252 2615 gratias
266 2550 318 2599 beo
333 2546 596 2599 relercnsaltissimo
609 2550 637 2599 ct
649 2551 742 2598 sancto
755 2545 901 2600 Riebardo.

187 2647 218 2700 6.
238 2647 285 2698 bie
301 2645 407 2698 sabbati
421 2646 544 2711 proxima
558 2652 619 2711 post
634 2644 842 2698 translationem
856 2646 943 2698 sancti
956 2646 1086 2699 llicbardi
1104 2646 1181 2700 venit
1191 2644 1223 2699 ad
1234 2636 1336 2697 eecledtll

152 2746 287 2797 Cicestrae
300 2743 435 2810 quaedam
454 2743 542 2810 puella
563 2743 597 2795 de
609 2744 757 2810 wyntonn,
780 2744 894 2797 nomine
915 2744 1032 2810 liatillis,
1046 2743 1102 2797 filia
1119 2745 1218 2800 Adelae
1235 2731 1336 2796 Gardefflll

58 2858 63 2869 ·
82 2896 89 2910 ,
152 2845 338 2910 dicti';quae
359 2842 516 2909 quaedam¹
538 2842 646 2894 llatillis
658 2843 799 2895 sinistrum
822 2844 965 2897 bracbium
989 2851 1017 2896 et
1036 2843 1138 2912 digitos
1152 2856 1246 2898 manus
1260 2817 1365 2908 mium!
1398 2841 1401 2874 ῑ

61 2957 67 2969 ·
87 2997 91 3008 ,
153 2944 247 2997 babuit
267 2946 442 2996 contractas·
466 2948 493 2994 et
514 2942 652 2994 sinistram
674 2949 780 3008 partem
800 2943 924 3009 corporis
944 2956 1103 3009 percussam
1125 2943 1249 3010 paralysi.
1267 2938 1336 2991 llttl¹⁰

153 3048 233 3109 caput
246 3038 427 3095 reverendum
444 3042 530 3095 sancti
553 3041 680 3094 Richardi
701 3041 799 3096 devote
820 3041 989 3095 oscularetur
1009 3047 1036 3095 et
1049 3054 1164 3095 manum
1176 3026 1338 3097 contractamlt
1397 3020 1400 3025 ’

158 3143 256 3209 digitos
268 3148 384 3195 retortos
397 3155 480 3207 super
492 3148 572 3206 caput
585 3142 787 3194 sanctissimum
804 3141 890 3206 gratia
909 3141 1115 3207 recuperandae
1128 3142 1248 3195 sanitatis
1258 3129 1337 3205 pontrel

154 3256 216 3295 cum
231 3243 385 3304 devotione,
403 3241 502 3309 digitos
524 3245 603 3292 antea
627 3245 781 3293 contractos
803 3241 831 3292 in
844 3239 980 3292 directum
992 3241 1127 3306 extendit,
1142 3231 1338 3293 similiterctltt·

155 3342 257 3404 obium,
272 3342 336 3393 etin
349 3341 407 3406 ipso
421 3345 492 3392 tactu
506 3339 602 3404 capitis
615 3340 778 3391 sanctissimi
797 3339 923 3392 lticbardi
942 3339 1165 3405 totiuscorporis
1182 3339 1223 3392 sui
1234 3302 1370 3390 sanimffl’

154 3441 314 3507 plenissime
327 3441 509 3504 recuperavit.
530 3440 722 3491 Praesentibus
734 3439 848 3491 testibus
865 3438 985 3491 waltero
1002 3437 1162 3505 belemayn,
1179 3439 1275 3491 domna
1288 3422 1343 3485 guda

154 3553 240 3592 uxore
253 3539 385 3591 lobannis
399 3538 558 3604 belemapn,
571 3551 642 3604 quae
655 3537 772 3590 eandem
785 3537 905 3602 puellam
918 3537 1054 3602 educarit,
1067 3538 1215 3591 Laurentio
1227 3535 1278 3588 llio
1287 3529 1345 3584 dictat

155 3638 266 3702 illicias,
280 3638 405 3688 lobanne
417 3639 518 3702 Longo,
541 3638 644 3688 Tboma
664 3635 824 3702 palmigero,
839 3641 866 3688 et
886 3636 979 3688 multis
993 3634 1054 3687 aliis
1066 3634 1221 3689 decivitate
1232 3633 1346 3700 wyntoll·

156 3737 205 3800 Qui
219 3735 386 3788 rettulerunt
399 3735 501 3787 ibidem
514 3736 548 3788 de
563 3734 681 3802 quadam
703 3735 792 3800 puella
814 3734 938 3800 prolapsa
960 3736 987 3786 in
1001 3746 1113 3788 amnem
1126 3742 1156 3788 et
1167 3741 1280 3795 mortua,
1291 3731 1351 3793 atpet

153 3837 255 3889 amicos
268 3848 332 3887 suos
344 3835 378 3886 ad
392 3841 518 3886 sanctum
531 3834 697 3887 lticbardum
710 3834 807 3886 devote
819 3838 986 3886 mensurata.
999 3835 1061 3886 Post
1074 3835 1160 3886 unlus
1172 3834 1255 3887 borae
1266 3828 1355 3899 spelm

155 3949 190 3988 ex
202 3947 256 4001 quo
269 3934 319 3987 luit
332 3941 438 3986 mortua
450 3939 478 3985 et
491 3934 578 3999 ipsam
591 3934 764 3985 devotionem
776 3938 803 3984 et
818 3933 1051 3986 mensurationem
1064 3932 1255 3987 incontinenti
1266 3923 1359 3994 resurt'll

153 4047 221 4087 sana
238 4034 309 4085 lacta
320 4033 444 4099 omnino,
457 4034 558 4100 gratias
571 4036 625 4085 beo
649 4031 772 4084 reserens
793 4037 820 4084 et
840 4033 921 4086 beato
942 4031 1087 4097 llicbardo,
1112 4033 1195 4100 cujus
1208 4032 1308 4087 meritis
1320 4027 1361 4080 rita

155 4136 206 4187 sibi
221 4134 310 4186 luerat
324 4135 459 4187 restituta.

188 4235 219 4287 7.
235 4235 280 4286 bie
293 4233 401 4286 veneris
413 4238 476 4286 ante
488 4234 586 4285 festum
605 4232 791 4297 apostolorum
805 4233 875 4285 Petri
888 4236 916 4284 et
929 4232 1005 4284 Pauli
1020 4231 1135 4299 quidam
1149 4234 1289 4299 vallettus,
1302 4233 1374 4287 dicus

159 4336 268 4399 lesage,
281 4332 395 4384 ueniens
408 4332 442 4383 ad
462 4332 591 4383 feretrum
610 4331 696 4382 sancti
715 4330 853 4397 llicbardi,
867 4329 970 4382 rettulit
988 4330 1092 4383 ibidem
1105 4344 1204 4384 coram
1215 4333 1310 4386 multis
1325 4326 1401 4400 quidl

155 4432 206 4484 sibi
227 4430 371 4492 acciderat,
387 4429 528 4494 postulans
550 4435 578 4479 ut
601 4429 785 4481 ascriberetur
803 4437 829 4481 et
847 4429 994 4482 memoriae
1017 4432 1280 4486 commendaretur.
1294 4432 1383 4486 accidit

154 4531 227 4583 enim
239 4530 312 4597 quod
325 4543 385 4582 cum
399 4534 482 4581 staret
500 4530 528 4579 in
546 4529 679 4595 obsequio
697 4529 792 4582 domui
809 4529 920 4582 Gallridi
936 4530 970 4582 de
988 4531 1159 4599 Leulenore,
1175 4535 1323 4589 sinistrum
1335 4536 1386 4588 bn·
