3082 5498
258 111 301 174 44
597 127 724 182 33331.
744 129 847 179 3333.
865 128 1040 180 anatona.
1059 129 1140 180 331.

255 295 321 347 tiam
332 294 415 363 digne
432 295 515 350 locuti
533 309 564 349 33
576 297 737 364 praestolari
750 297 907 365 adventurn,
920 311 954 352 co
976 297 1050 364 quod
1067 310 1137 364 opus
1153 297 1266 351 haberet
1277 296 1382 365 aliquid
1393 296 1493 352 dicere

254 393 304 447 illi.
323 395 381 460 iile,
394 394 608 462 glodosissimus
629 409 764 463 apparens
784 403 811 450 et
828 399 908 464 primi
932 398 1041 466 gradus,
1064 410 1126 450 curn
1145 397 1323 464 juramento:
1343 397 1479 464 11331133,

257 492 356 560 inquit,
370 493 570 561 imperatoris
581 495 732 563 ministri,
749 496 960 562 cammerano
971 509 1066 564 super
1072 495 1272 563 paenitentia
1280 495 1376 562 diane
1385 496 1476 550 133313

258 591 425 659 loquimur,
438 593 586 659 quoniam
594 607 696 661 prope
708 594 928 662 imperatorem
938 597 1011 648 stat.

292 691 348 744 44.
361 694 491 744 Narratur
503 705 630 746 sermone
642 694 895 759 probatissimorum
908 699 936 747 et
944 707 1106 762 magnorum
1123 694 1153 746 in
1165 699 1260 747 sancta
1271 694 1383 748 actione
1394 694 1472 746 senio·
1484 668 1532 742 θ

258 803 319 842 rum
332 791 462 856 quoniam
475 792 587 858 quidam
599 793 712 846 solitarii
726 793 826 859 precati
837 799 902 846 sunt
913 796 998 846 113313
1008 793 1299 861 gluriametltonorem
1308 793 1388 847 istius
1399 793 1476 846 sancti

256 889 308 942 tiri
320 890 426 942 ostendi
439 890 501 942 3111.
512 893 544 943 tn
557 891 634 944 multi
643 891 756 958 quidem
769 892 854 946 multa
863 899 937 946 certa
946 891 1046 945 fiducia
1056 896 1084 945 et
1092 904 1191 960 magna
1202 892 1384 945 admiratione
1394 891 1476 960 digna,

259 990 306 1042 liei
319 989 439 1043 bonitate
457 991 512 1042 illis
533 991 712 1061 concedente,
731 991 766 1045 de
786 993 871 1045 sancti
892 994 976 1060 patris
995 992 1118 1045 claritate
1139 998 1166 1046 et
1183 992 1348 1045 celsitudine
1359 991 1480 1045 viderunt

259 1090 336 1156 signa
348 1096 375 1144 et
386 1091 533 1145 audierunt
545 1093 636 1145 verba.
650 1095 793 1146 1131311133
806 1093 890 1146 muita
909 1092 1042 1156 dicamus,
1060 1106 1146 1145 unum
1164 1091 1198 1144 ad
1212 1091 1324 1145 laudem
1335 1090 1406 1143 tanti
1418 1089 1481 1142 talis

258 1203 312 1256 que
324 1191 409 1255 patris
421 1189 513 1244 dicere
531 1191 656 1246 sulficere
675 1193 745 1245 33113
765 1192 940 1259 cupientibus
951 1192 1075 1245 aestimo.
1096 1191 1269 1245 Rettulerunt
1287 1190 1355 1244 milti
1375 1189 1481 1257 quidam
1498 1191 1508 1242 1

258 1289 388 1356 quoniam
401 1292 506 1344 1131333
518 1293 716 1359 3333113311333,
730 1305 811 1358 quem
824 1290 989 1354 itacharius,
1007 1304 1122 1358 magnus
1140 1291 1229 1344 cultor
1246 1288 1306 1355 1131,
1319 1293 1434 1343 13313133
1445 1293 1485 1342 est

259 1401 289 1441 se
301 1387 400 1442 vidisse
412 1390 447 1442 31
458 1391 556 1457 angeio
569 1397 663 1444 333313
676 1404 781 1445 3331313
798 1393 1020 1445 communionem
1039 1391 1145 1444 11313131
1159 1390 1353 1455 accipientem,
1367 1389 1487 1442 recitarit

259 1487 344 1554 quod,
357 1488 386 1541 in
406 1490 491 1542 extasi
510 1495 613 1557 raptus,
627 1490 693 1544 vidit
705 1492 734 1543 in
753 1490 871 1558 quodam
893 1490 1062 1544 lucidissimo
1082 1495 1110 1543 et
1128 1490 1324 1559 gloriosissimo
1337 1489 1400 1544 loco
1411 1489 1488 1542 innu-

258 1586 430 1639 merabilium
449 1594 604 1641 sanctorum
627 1594 735 1655 patrum
756 1590 912 1656 synodum:
931 1590 970 1642 Et
980 1589 1104 1655 multos,
1122 1589 1169 1656 311,
1191 1588 1323 1642 iliorum
1337 1601 1381 1642 ea
1391 1587 1489 1655 pictis

259 1684 450 1753 imapinibus
475 1687 739 1754 capnoscebamat.
771 1689 918 1742 Sanctum
946 1689 1069 1756 quidem
1098 1687 1314 1756 Epiphaniam
1343 1686 1488 1741 videbam
1504 1689 1532 1740 Ι

251 1797 352 1852 prope
363 1788 565 1853 innectentem,
580 1800 760 1856 pavensque
779 1788 939 1855 stupebam
957 1789 992 1840 in
1005 1789 1059 1841 313.
1081 1789 1120 1842 Et
1139 1788 1205 1842 uidi
1223 1787 1404 1855 quempiam
1411 1787 1488 1854 put·

258 1883 449 1939 cherrimum
470 1900 508 1942 ac
529 1887 701 1942 terribilem
726 1889 831 1943 uirum
858 1890 1029 1942 venientem
1050 1889 1093 1942 ad
1112 1901 1162 1941 me
1181 1890 1212 1941 et
1232 1887 1387 1941 dicentem
1409 1884 1492 1939 mihi

258 1994 374 2049 aspera
387 1996 506 2038 voces«
532 1986 623 2045 Quem
645 1986 794 2053 quaeris?
808 2004 819 2036 ι
833 1988 894 2053 Epo
911 1989 1016 2040 autem
1036 1986 1080 2041 ad
1101 1999 1170 2040 eum
1188 1984 1260 2038 dini
1272 2002 1282 2039 .·
1295 2002 1306 2035 r
1321 1984 1491 2038 Dominam

258 2095 360 2135 meum
372 2083 544 2138 iohannem
557 2085 814 2152 chrysostomum.
828 2103 839 2135 ι
853 2085 1004 2139 titediait
1017 2102 1025 2140 .·
1040 2103 1051 2134 t
1069 2085 1142 2144 Quis
1152 2085 1198 2138 est
1210 2082 1488 2149 chrysostomum»

259 2181 376 2235 Etcum
388 2187 578 2251 anpmtarer
590 2186 777 2253 respondere
794 2185 854 2253 iiii,
873 2186 1001 2239 sanctus
1017 2183 1211 2251 Epiphanius
1223 2182 1361 2236 intuitus
1372 2184 1420 2236 est
1432 2194 1488 2248 me,
1522 2195 1532 2239 t

259 2280 366 2350 dicem
383 2300 392 2337 :
411 2283 513 2336 «Eum
533 2283 706 2338 Iohannem
726 2285 781 2352 qui
800 2297 893 2352 super
907 2283 1139 2351 paenitentiam
1161 2263 1280 2337 tuentia
1298 2284 1347 2335 est
1365 2281 1489 2349 opdnoe,

260 2380 539 2449 quaerimoniae.
556 2400 567 2432 ι
581 2384 641 2437 lite
651 2398 722 2438 vero
732 2385 898 2438 admirans
918 2384 984 2437 ait:
1007 2401 1017 2432 ι
1034 2383 1129 2435 litum
1150 2393 1346 2435 nemooarne
1358 2380 1492 2434 indutus

256 2481 359 2546 potest
375 2480 490 2549 videre,
504 2483 579 2549 quia
592 2496 663 2537 cum
675 2482 833 2537 cherubim
840 2485 970 2551 praesto
978 2485 1023 2537 est
1036 2482 1163 2536 divinae
1174 2479 1328 2534 claritati.
1343 2480 1489 2534 Domina·

261 2581 357 2632 torem
368 2581 522 2634 amariter
533 2581 687 2650 imitatus,
698 2583 790 2650 dione
802 2581 1035 2649 paenitentibus
1052 2583 1084 2633 et
1093 2578 1310 2647 pmeatoribua
1328 2577 1487 2632 remissio

262 2690 333 2730 nem
340 2683 543 2746 peccatorum
553 2694 682 2749 semper,
704 2683 800 2735 etiam
820 2683 855 2735 in
873 2686 1016 2736 eatrema
1036 2680 1254 2748 respiratione,
1273 2678 1450 2746 unicuique
1468 2683 1531 2735 311·

263 2775 324 2829 Deo
335 2777 411 2830 dari
422 2790 492 2833 vere
507 2779 665 2848 promisit,
678 2782 716 2834 de
728 2781 837 2834 divina
853 2781 974 2847 pietate
989 2782 1072 2833 recte
1089 2779 1257 2846 confidens.
1273 2780 1369 2830 »liaeo
1381 2783 1492 2831 sanctus

267 2876 508 2943 113133313113111;
528 2878 575 2931 alii
587 2886 679 2932 autem
698 2881 726 2932 in
740 2887 813 2934 sorte
834 2880 984 2933 beatissimi
998 2879 1185 2945 praecursoris
1197 2876 1304 2931 11313131
1318 2882 1347 2929 31
1359 2877 1495 2943 Baptistae

263 2975 396 3028 iohannis
408 2977 481 3030 hunc
502 2979 679 3044 apparuisse3
703 2979 759 3045 aiii,
773 2979 801 3031 in
822 2979 986 3033 sanctissimi
1007 2978 1139 3033 iohannis
1159 2975 1342 3044 evangelistae
1352 2976 1494 3032 societate.

263 3074 349 3125 Testis
360 3079 401 3127 est
413 3074 446 3126 ad
461 3076 511 3127 133
523 3076 634 3129 Procius
647 3090 654 3128 :
669 3077 798 3143 quiddam
812 3078 886 3130 enirn
898 3090 933 3129 ex
946 3077 997 3129 133
1010 3076 1068 3142 ipsc
1082 3073 1282 3141 contemplatus
1293 3077 1344 3137 est,
1358 3073 1496 3140 quiddam

264 3171 371 3225 3131113
391 3175 513 3238 patribus
534 3176 635 3228 audivit
653 3182 679 3228 et
702 3177 819 3242 scripsit.
840 3177 1072 3244 13331333111313
1091 3178 1214 3228 sanctum
1226 3186 1326 3239 corpus
1339 3173 1497 3228 beatissimi
1514 3181 1532 3232 1

263 3273 347 3337 patris
360 3275 447 3326 nostri
457 3275 639 3342 chrysostomi
651 3277 784 3329 iohannis
796 3276 1059 3341 constantinopolim
1068 3276 1097 3327 in
1107 3275 1223 3328 33313313
1235 3280 1397 3327 sanctorum
1412 3287 1496 3341 apos·

264 3370 383 3423 tolonum
411 3372 535 3439 reliquiis
556 3374 704 3440 praecipue
724 3379 890 3440 consecrata,
912 3388 982 3441 quac
1003 3374 1146 3427 31331313
1167 3372 1279 3426 nomine
1301 3371 1393 3438 ipsius
1411 3371 1499 3426 cilicii

262 3475 384 3523 vocatur.
1494 3449 1516 3471 ⁹

297 3572 352 3623 45.
371 3573 443 3624 ilaec
452 3585 538 3637 pauca
550 3571 585 3625 de
597 3573 738 3626 immensis
749 3586 781 3626 33
794 3574 900 3642 magnis
917 3574 1062 3627 virtutibus
1079 3573 1143 3637 tuis,
1156 3572 1198 3625 vir
1209 3572 1384 3625 sanctissime
1394 3573 1502 3627 13133-

265 3683 325 3737 nes,
339 3669 372 3722 ad
390 3669 606 3724 aedificationem
621 3675 806 3736 proximorum
819 3680 847 3726 et
864 3673 974 3726 laudem
988 3677 1062 3725 tuarn
1079 3672 1192 3740 tegenda
1207 3683 1267 3739 ego,
1281 3671 1409 3724 omnium
1423 3673 1501 3726 altri·
1517 3680 1532 3729 1

265 3769 416 3822 stianorum
438 3770 551 3822 ultimus
572 3772 688 3837 meritis,
710 3772 830 3840 ingenio,
853 3772 986 3825 memoria
1006 3778 1032 3824 31
1052 3771 1192 3824 1313113313
1212 3771 1344 3833 existens,
1368 3774 1501 3838 quamvis

264 3869 404 3921 rusticano
425 3869 517 3936 modo,
538 3877 630 3923 tamen
652 3884 712 3924 cum
732 3873 817 3926 multo
841 3873 945 3937 131313,
966 3878 996 3924 31
1012 3873 1093 3939 nosti,
1116 3873 1160 3939 pio
1182 3885 1276 3925 amore
1295 3876 1343 3925 tuo
1355 3871 1499 3941 devictus,

264 3966 391 4021 edidi'iu
403 3969 597 4038 benignissime
608 3970 721 4039 dignare
734 3985 783 4039 pro
797 3973 890 4025 multis
902 3973 952 4025 ista
964 3973 1104 4039 suscipere
1116 3977 1143 4024 et
1154 3972 1232 4038 quasi
1244 3970 1429 4025 disertissimo
1441 3974 1501 4026 sint

264 4078 392 4119 sermone
405 4069 555 4133 composita
568 4069 713 4136 imputare,
725 4071 893 4131 doctissime,
906 4076 934 4122 et
952 4071 1137 4136 imperpetuo
1151 4068 1281 4135 prodesse
1294 4069 1365 4121 mitri
1378 4069 1499 4138 indigno

262 4165 424 4232 cunctisque
436 4168 533 4220 horum
546 4168 692 4222 lectoribus
704 4176 731 4222 31
743 4170 924 4224 auditoribus.
938 4171 983 4222 Pia
995 4171 1076 4222 etiam
1093 4182 1155 4222 cum
1168 4168 1317 4222 dilectione
1328 4181 1375 4221 me
1394 4182 1499 4224 acuen·
1516 4174 1532 4225 t

263 4269 304 4317 tes
319 4277 351 4317 ac
364 4270 487 4331 petentes
500 4279 515 4319 a
536 4280 580 4319 me
602 4272 632 4321 ut
652 4268 725 4320 1333
745 4268 868 4321 libellum
890 4269 1102 4337 gloriosissimae
1113 4268 1229 4323 actionis
1241 4272 1268 4321 et
1280 4268 1422 4334 passionis
1433 4275 1501 4324 tuae

261 4365 296 4417 de
307 4377 404 4433 graeco
416 4379 530 4418 sumens
541 4366 627 4420 131133
639 4380 767 4421 sermone
779 4380 984 4434 componerem,
998 4373 1026 4422 et
1042 4369 1089 4435 qui
1107 4372 1231 4434 sumptus
1244 4366 1374 4434 proprius
1386 4381 1423 4422 ex
1445 4369 1501 4425 tide
