3076 5498
173 308 270 359 amr..
290 309 512 359 unr.enn1s.
531 311 745 361 -nrrreuu
765 312 811 361 nu
828 311 906 362 cou.
927 308 1019 363 retes.
1147 295 1214 361 247

139 478 282 545 populum,
295 492 377 545 quern
390 479 563 548 relinquebat
583 481 745 548 desolatum,
768 489 795 535 et
816 483 845 534 in
864 482 1020 535 orationum
1033 481 1210 536 solitadeuo·

130 592 250 632 everans
260 592 348 646 usque
361 580 389 631 in
402 579 496 642 tinem,
510 581 557 633 illo
579 581 661 634 uerbo
679 582 776 646 psalmi
790 568 961 647 supplicabat
974 581 1089 634 Domino
1102 596 1109 633 :
1123 579 1213 634 Mt'se·

130 719 135 746 ‚
150 680 240 744 Deus,
253 680 403 733 moerere
414 681 487 747 mei,
500 680 648 747 quoniam
662 681 697 734 in
709 685 738 734 te
749 681 880 750 confidit
890 682 1000 735 anima
1012 683 1113 746 [meat

130 778 237 845 mpleuit
249 786 342 832 autem
355 778 463 832 labores
476 780 545 832 vitae
557 780 706 846 praesentis
718 780 842 847 egregius
852 779 948 833 Christi
958 780 1099 834 confessor
1110 785 1137 833 et
1148 792 1215 845 pon·

130 894 196 932 osus
208 880 383 932 bublineusis
403 880 534 933 eeclesiae
554 881 667 933 antistes
688 881 851 934 Laurentius
873 893 987 946 uespere
1010 888 1101 934 sextae
1114 881 1213 947 leriae,

130 981 166 1031 sit
177 980 207 1031 in
219 979 373 1044 sabbatum,
387 984 482 1032 octavo
505 977 613 1032 decimo
635 979 766 1032 kalendas
778 979 942 1034 decembris,
956 980 1027 1034 obiit
1039 979 1138 1046 plenus
1158 979 1216 1033 die·

130 1081 245 1132 'ectuset
257 1084 462 1131 consummatus
481 1079 509 1130 in
531 1079 661 1144 operibus
683 1080 794 1144 sanctis,
815 1085 842 1131 et
861 1080 1001 1145 appositus
1012 1085 1055 1132 est
1072 1078 1105 1131 ad
1124 1084 1216 1145 patres

131 1181 215 1231 abore
227 1179 366 1230 transiens
379 1178 411 1230 ad
425 1179 579 1243 sabbatum,
594 1178 627 1230 de
645 1178 726 1231 exilio
745 1178 778 1231 ad
798 1179 923 1244 patriam,
935 1178 971 1231 de
982 1178 1138 1245 cognitione
1150 1176 1215 1231 tidei

130 1279 291 1344 uplationem
305 1277 374 1342 spei,
388 1283 415 1329 et
427 1290 476 1343 pro
490 1279 564 1329 brevi
578 1283 604 1329 et
616 1281 810 1330 momentanea
823 1277 1000 1330 tribulatione
1015 1276 1097 1344 liujus
1108 1283 1213 1344 tempo·

130 1390 176 1429 rae
198 1377 302 1443 gloriae
323 1377 432 1442 pondus
452 1389 467 1428 a
488 1377 595 1429 Christo
616 1377 762 1444 recipiens,
785 1377 916 1443 quoniam
937 1375 1073 1431 bonorum
1091 1377 1217 1430 laborum

133 1485 174 1530 est
187 1477 292 1530 tructus
304 1483 331 1530 et
349 1490 405 1529 non
418 1483 483 1529 sunt
495 1477 647 1542 condignae
659 1477 803 1542 passiones
813 1478 894 1543 nujus
906 1477 1038 1543 temporis
1050 1476 1084 1530 ad
1097 1477 1217 1531 futuram

130 1591 200 1644 quae
213 1578 379 1631 revelabitur
392 1577 420 1628 iu
433 1576 539 1629 electis.

129 1678 242 1729 iebratis
254 1687 345 1730 autem
359 1677 511 1729 secuudum
521 1689 626 1728 morem
640 1676 765 1742 exequiis
777 1676 947 1728 sollemniter
958 1682 986 1729 et
996 1675 1107 1741 devote,
1121 1689 1215 1742 super·

130 1776 232 1830 domno
244 1778 336 1829 Alexio
354 1781 464 1828 sanctae
477 1778 617 1828 itomanae
637 1775 770 1828 ecclesiae
788 1775 932 1840 cardinali,
955 1775 1041 1842 legato
1061 1775 1178 1842 scotiae,
1191 1780 1219 1828 et

130 1890 214 1928 ÷eum
237 1876 354 1941 plurima
378 1875 444 1927 cleri
466 1880 493 1926 et
512 1874 602 1940 populi
625 1873 812 1940 multitudine,
832 1873 967 1939 sepultum
989 1879 1029 1926 est
1048 1888 1147 1941 corpus
1166 1875 1218 1928 riri

137 1977 255 2043 nugensi
279 1974 395 2028 ecclesia
417 1973 568 2028 honorilice
585 1974 757 2037 tumulatum,
772 1975 916 2026 thesaurus
937 1974 1072 2040 siquidem
1093 1975 1216 2029 nondum

137 2078 184 2129 sed
198 2089 248 2129 suo
261 2082 385 2142 ternpore
398 2075 573 2128 revelandus.
588 2076 705 2142 Contigit
725 2076 828 2128 etenim
848 2080 879 2128 ut
894 2079 1004 2142 propter
1015 2081 1177 2129 vetustatem
1191 2082 1218 2130 et

130 2181 204 2229 ,atem
218 2175 315 2229 eadem
337 2176 510 2241 postmodum
523 2175 681 2228 dirueretur
698 2176 821 2241 ecelesia,
836 2182 866 2228 ut
878 2177 965 2242 major
976 2182 1004 2228 et
1013 2175 1152 2240 pulchrior
1164 2179 1218 2230 lieo

131 2277 201 2328 imae
212 2275 313 2343 virgini
325 2277 505 2329 fabricaretur
518 2276 641 2341 basilioa;
655 2281 683 2328 et
694 2281 760 2327 tunc
772 2276 887 2329 consilio
899 2275 1013 2328 caelitus
1025 2275 1168 2341 inspirato,
1182 2288 1218 2329 ne

131 2374 243 2427 uoriiiee
256 2381 411 2427 remaneret
423 2375 474 2427 sub
487 2375 559 2437 divo,
571 2375 732 2426 translatum
743 2379 784 2426 est
796 2387 896 2439 corpus
908 2378 1033 2427 sanctum
1043 2378 1071 2426 et
1082 2375 1111 2425 in
1123 2379 1217 2441 crypta

130 2475 250 2525 esancti
271 2473 431 2541 [leodegarii
456 2475 581 2538 martyris
600 2487 663 2525 cum
685 2473 770 2525 multa
790 2473 945 2527 reverentia
967 2472 1116 2538 repositum
1138 2477 1219 2526 estet

134 2576 275 2626 inuentum
289 2581 331 2625 est
343 2579 435 2626 autem
447 2586 546 2639 corpus
556 2573 606 2624 uiri
620 2573 716 2635 sancti,
729 2572 793 2625 licet
802 2573 858 2639 jam
871 2573 994 2638 quinque
1006 2585 1095 2625 annos
1106 2572 1220 2626 haberet

130 2688 181 2739 rra,
195 2687 279 2726 earne
293 2675 427 2741 integrum
447 2679 474 2725 et
492 2673 548 2724 suis
561 2685 734 2738 nequaquam
753 2671 915 2724 dissolutum
931 2672 1076 2738 juncturis,
1089 2677 1219 2740 tantaque

130 2786 183 2824 rex
201 2785 251 2825 suo
267 2784 382 2837 corpore
395 2771 559 2838 procedebat
577 2777 606 2823 ut
628 2770 721 2824 odoris
741 2771 860 2823 suavitas
880 2770 1039 2823 assistentes
1059 2770 1221 2833 mirabiliter

130 2879 152 2923 l.

130 2972 319 3025 aeordinatum
333 2971 468 3037 siquidem
483 2985 497 3023 a
511 2972 625 3024 bornino
639 2977 746 3037 tempus
763 2970 858 3023 aderat
875 2974 903 3022 ut
920 2970 1088 3022 revelaretur
1105 2971 1152 3036 qui
1172 2970 1220 3024 diu

132 3072 264 3123 hesaurus
277 3077 305 3122 et
316 3071 409 3122 diuino
423 3072 587 3136 probaretur
600 3070 755 3122 testimonio
773 3070 903 3122 sanctitas
920 3069 969 3120 uiri
989 3068 1135 3137 magnifici.
1149 3082 1221 3136 quae

130 3173 176 3223 lem
202 3178 261 3224 erat
273 3171 421 3223 multorum
443 3177 469 3223 et
483 3184 642 3237 magnorum
664 3171 785 3222 uirorum
803 3169 967 3222 testimoniis
979 3168 1111 3221 afllrmata
1124 3173 1150 3222 et
1163 3170 1221 3236 plu·

130 3285 219 3322 rorum
233 3271 438 3322 ostensionibus
450 3269 646 3322 demonstrata.
661 3269 814 3334 Repentino
828 3280 946 3334 namque
957 3272 1027 3320 nutu
1039 3269 1125 3320 sancti
1139 3269 1221 3334 Spiri-

130 3385 136 3421 .=
149 3378 190 3422 est
204 3384 354 3423 concursus
367 3369 574 3421 inaestimabilis
587 3367 749 3433 populorum
763 3367 796 3419 ad
808 3367 965 3431 sepulcrum
978 3367 1027 3418 viri
1040 3367 1127 3419 saneti
1138 3373 1164 3420 et
1174 3381 1223 3434 per

130 3470 169 3520 isti
183 3469 309 3535 gratiam,
323 3469 370 3534 qui
384 3470 411 3518 in
425 3468 527 3519 sanetis
540 3468 597 3518 suis
609 3466 771 3517 mirabiliter
783 3469 922 3531 operatur,
937 3465 1080 3518 factasunt
1092 3466 1128 3518 ibi
1145 3467 1222 3532 signa

134 3576 159 3619 et
172 3569 242 3621 lama
256 3570 446 3620 crebrescente
459 3565 587 3618 diffusum
602 3571 644 3617 est
656 3579 757 3617 nomeu
771 3566 858 3617 sancti
871 3565 1009 3617 Laurentii
1022 3571 1050 3617 et
1059 3565 1151 3618 odoris
1163 3567 1222 3632 eius

130 3670 157 3720 ul
171 3676 262 3734 partes
275 3669 436 3720 remotiores
460 3668 595 3731 peruenit.
618 3667 787 3731 Quapropter
797 3667 954 3717 catervatim
967 3666 1117 3718 currebant
1128 3667 1222 3732 populi

141 3766 271 3835 suffragia
284 3773 309 3818 et
322 3768 465 3818 uenientes
478 3765 691 3832 magnificabant
704 3764 848 3816 bominum
862 3765 889 3816 in
909 3765 941 3817 iis
953 3777 1024 3830 quae
1037 3764 1070 3817 ad
1088 3765 1221 3817 bonorem

130 3867 220 3917 irentii
232 3866 349 3931 gloriose
363 3864 464 3917 tiebant
477 3865 511 3916 ab
524 3877 566 3916 eo,
581 3866 647 3916 liam
667 3862 772 3915 meritis
791 3863 841 3914 riri
860 3863 945 3914 saneti
958 3863 1046 3914 caecis
1058 3861 1223 3916 reddebatur

130 3965 184 4017 rdis
196 3965 315 4024 auditus,
330 3963 434 4015 claudis
449 3977 568 4029 gressus,
581 3965 662 4014 mutis
675 3963 792 4028 loquela,
807 3962 922 4027 leprosis
936 3961 1129 4026 mundamus,
1143 3975 1220 4027 para·

130 4067 190 4130 bur,
212 4063 399 4116 daemoniacis
421 4076 487 4115 sana
509 4076 588 4115 mens
608 4069 636 4114 et
648 4063 751 4129 quieta,
766 4061 983 4128 periclitantibus
1004 4066 1099 4127 portus
1118 4060 1223 4126 salutis,

141 4165 205 4228 uita,
219 4170 246 4216 et
257 4163 394 4215 debilibus
406 4164 490 4230 gratia
503 4163 648 4229 sospitatis,

130 4277 219 4330 imque
233 4264 363 4315 bominus
383 4268 423 4315 tot
436 4269 463 4313 et
481 4263 564 4313 tantis
576 4263 670 4329 signis,
690 4274 747 4314 non
765 4261 877 4313 incertis
895 4264 943 4312 aut
953 4259 1054 4325 dubiis,
1069 4259 1119 4312 sed
1131 4261 1223 4327 certis,

130 4361 264 4423 ctissimis
278 4367 401 4411 sanctum
421 4373 501 4411 suum
513 4359 666 4412 declararet
686 4359 827 4425 prodigiis,
846 4358 965 4424 primum
984 4369 1091 4409 summo
1104 4357 1225 4423 pontilici

130 4460 271 4513 inocentio
282 4467 308 4511 et
319 4457 494 4523 postmodum
504 4459 606 4511 domno
621 4459 740 4512 lionorio
752 4462 780 4510 et
789 4462 979 4510 sacrosanctae
990 4458 1127 4509 Romanae
1137 4456 1227 4508 Eccle-

130 4561 224 4613 nultas
238 4558 435 4610 testimoniales
457 4558 560 4610 litteras
581 4558 860 4623 arehiepiscopomm,
884 4556 1085 4622 episcoporum,
1099 4556 1229 4608 abbatum
