3082 5498
156 310 225 376 502
505 323 630 373 caran.
650 323 751 374 oonn.
772 322 945 373 naorooe.
965 322 1045 373 oar.

156 494 325 549 orationibus
337 494 454 547 daemon
476 492 583 561 fugatus
594 497 644 559 est,
658 498 685 544 et
705 492 808 545 ancilla
820 492 868 544 bei
881 503 947 544 sana
967 489 1062 544 effecta
1076 496 1120 545 est
1130 497 1277 559 tamquam
1290 494 1311 544 si
1323 492 1380 545 nihil

157 592 220 646 mali
234 593 393 657 habuisset;
408 600 435 645 et
455 606 489 645 ex
510 592 556 644 illa
570 593 634 645 bora
647 591 773 657 promisit
784 596 814 643 ut
836 602 985 656 numquam
997 603 1013 642 a
1025 594 1121 643 sancto
1134 592 1307 644 monasterio
1318 605 1380 644 roco

156 692 243 753 deret,
256 691 331 758 qnod
344 698 371 744 et
382 691 517 744 veraciter
528 694 621 755 postea
642 688 808 755 adimplevit.
821 690 887 741 llam
900 701 936 742 ex
948 688 993 741 illa
1006 689 1073 743 hora
1095 688 1124 740 in
1136 702 1191 742 sua
1204 689 1279 742 bona
1289 690 1380 743 conte·

156 791 234 845 sione
248 792 408 857 permansit.

187 889 243 943 20.
255 884 264 925 ¹
274 889 396 956 Quodam
408 893 500 942 autem
513 894 636 954 tempore
649 887 760 954 quidam
775 888 927 954 presbyter,
941 887 1146 941 Trasemundus
1160 888 1288 953 nornine,
1299 889 1403 942 lanient

155 982 304 1041 amiserat²
316 986 458 1040 oculorum
480 999 602 1051 suorum,
617 986 653 1039 ita
673 979 726 1038 ut³
737 985 851 1038 omnino
865 985 933 1037 nihil
945 984 1080 1038 viderett.
1093 985 1265 1039 Admonitus
1282 992 1380 1052 estpre

155 1089 246 1155 sbyter
258 1088 324 1140 ille5
336 1088 364 1139 in
377 1081 457 1140 uisu6
469 1085 557 1139 noctis
566 1091 597 1139 ut
608 1086 763 1139 beatissima
773 1083 786 1122 ⁷
797 1085 897 1139 ancilla
909 1083 956 1138 bei
966 1084 1119 1138 crucemde
1129 1084 1196 1138 oleo
1206 1090 1302 1139 sancto
1312 1099 1380 1151 snper

155 1187 250 1240 oculos
261 1187 321 1252 ejus
333 1187 443 1250 laceret,
457 1199 506 1253 per
526 1185 601 1252 quod
614 1185 698 1251 possit
710 1185 832 1250 recipere
854 1185 948 1236 lumen
960 1183 1103 1237 oculorum
1126 1196 1258 1237 suorum.
1273 1186 1380 1251 cumque

155 1298 236 1338 mane
249 1283 320 1338 iacto
332 1278 508 1348 surrexisset,
530 1284 670 1350 praecepit
681 1283 790 1336 cuidam
803 1283 955 1336 domestico
975 1296 1026 1335 suo
1037 1288 1068 1335 ut
1080 1296 1145 1336 eum
1159 1284 1196 1336 ad
1210 1284 1379 1349 praesentiam

154 1384 267 1438 duceret
278 1383 397 1436 famulae
411 1382 468 1436 bei.
480 1385 546 1436 dum
560 1387 650 1435 autem
664 1381 698 1436 ad
710 1396 772 1436 cam
784 1381 918 1435 adductus
936 1382 1041 1447 inisset,
1054 1383 1212 1447 prosternit
1223 1397 1254 1436 se
1264 1382 1300 1435 ad
1311 1383 1379 1448 pedes
1392 1383 1413 1434 lb

154 1487 224 1549 ejus,
238 1495 337 1550 rogans
350 1488 380 1535 ut
392 1482 449 1534 suis
462 1482 633 1535 orationibus
656 1482 747 1534 lumen
762 1483 896 1547 reciperet
908 1482 1050 1535 oculorum
1070 1493 1200 1534 suorum.
1215 1483 1258 1534 Fit
1269 1480 1379 1534 omniun

153 1583 240 1636 dolor.
254 1581 358 1634 hncilla
370 1588 461 1634 autem
474 1583 583 1647 christi,
597 1582 679 1648 plena
690 1582 791 1646 Spiritu
812 1586 916 1644 sancto,
930 1581 1064 1652 inuocauit
1075 1580 1243 1634 'trinitatem
1262 1586 1379 1642 sanctam

153 1689 182 1737 et
193 1681 387 1736 iterumssmox
405 1679 458 1735 ut¹¹
477 1683 575 1735 ancilla
598 1683 644 1735 bei
657 1680 681 1723 ¹¹
692 1682 727 1734 ad
748 1683 892 1735 bominum
906 1682 1060 1735 orationem
1074 1681 1199 1734 breviter
1211 1682 1292 1745 fudit,
1303 1683 1379 1735 statim

153 1783 296 1851 presbyter
314 1783 445 1836 liberatus
457 1788 498 1836 est
508 1781 529 1822 ¹¹
543 1796 558 1835 a
574 1783 696 1836 tenebris
708 1788 735 1835 et
744 1781 769 1823 ¹²
781 1782 874 1835 lumen
898 1782 999 1848 recepit
1021 1782 1170 1835 oculonrm
1181 1781 1223 1848 ¹³3
1238 1784 1275 1836 ita
1287 1782 1379 1837 utdom

155 1881 189 1934 ab
201 1880 318 1934 aliorum
331 1879 355 1921 ¹¹
365 1881 493 1933 manibus
503 1886 604 1933 tractus
617 1881 650 1933 ad
666 1881 794 1933 ancillam
808 1882 854 1933 bei
867 1881 995 1945 venisset,
1009 1885 1132 1946 posteaa
1147 1881 1255 1935 nullius
1265 1881 1378 1934 manibus
1390 1879 1412 1931 rt

152 1970 282 2034 reductus
291 1985 341 2047 est,
355 1980 404 2033 sed
417 1956 502 2034 sanus
516 1982 574 2048 ipse
587 1981 745 2049 ambulavit,
760 1981 838 2047 quasi
853 1994 1003 2048 numquam
1013 1978 1043 2034 in
1056 1981 1146 2034 oculis
1156 1983 1217 2035 suis
1229 1983 1378 2036 obcaecatus

153 2080 258 2132 luisset.
268 2081 343 2132 Tunc
353 2085 481 2146 parentes
493 2080 552 2145 eius
561 2085 588 2132 et
600 2081 689 2132 omnis
699 2078 745 2132 illa
756 2080 930 2147 congregatio
939 2086 1032 2133 sancta
1044 2079 1186 2134 dederunt
1197 2081 1311 2148 gloriani
1323 2083 1376 2133 beo.

187 2178 274 2233 lontio
287 2192 397 2247 quoque
406 2187 527 2246 tempore
536 2181 730 2248 quidampoer‚
743 2182 855 2234 nomine
865 2180 1070 2245 vasius,lumen
1078 2181 1377 2236 amiserat¹⁶oeuloram

154 2292 276 2334 suorum.
291 2283 356 2333 Cum
371 2285 461 2333 autem
474 2282 579 2334 veniret
590 2280 624 2333 ad
638 2282 735 2333 Christi
749 2281 890 2347 famulam,
904 2281 1002 2334 ancilla
1016 2281 1139 2348 denique
1152 2284 1255 2336 Christi
1269 2296 1316 2349 pro
1326 2295 1377 2336 eum

154 2381 183 2433 in
195 2381 319 2433 oratione
331 2393 360 2432 se
373 2381 528 2445 prosternit.
545 2384 612 2433 burn
625 2385 716 2434 autem
729 2381 763 2433 ab
776 2382 901 2434 oratione
914 2381 1044 2447 surrexit,
1059 2381 1094 2434 de
1111 2380 1176 2436 olco
1190 2389 1287 2437 sancto
1298 2380 1410 2436 oculos!

155 2480 249 2545 unxit;
263 2487 291 2532 et
302 2480 393 2531 statim
406 2479 500 2532 lumen
513 2481 656 2533 oculorum
669 2481 783 2547 recepit,
794 2486 821 2532 et
833 2481 933 2546 gratias
943 2481 1040 2548 agebat
1051 2483 1106 2534 beo
1116 2480 1203 2535 bomo
1215 2482 1276 2549 ipse
1287 2482 1376 2535 vasios

188 2578 212 2620 ¹¹
221 2579 320 2632 llodem
331 2593 450 2646 namque
459 2586 581 2647 ternpore
590 2580 724 2647 quaedam
735 2581 843 2644 mulier,
855 2581 967 2634 nomine
975 2581 1129 2649 Siqitrudis‚
1141 2582 1241 2636 lumen
1250 2581 1375 2635 oculorum

153 2676 315 2731 amiseratlfl.
330 2680 381 2731 Pro
399 2691 481 2744 quem
504 2678 642 2745 praedicta
657 2680 702 2732 bei
726 2678 827 2731 iamula
840 2679 983 2732 bominum
1005 2691 1068 2732 cum
1082 2679 1207 2732 lacrimis
1218 2681 1314 2734 oravit
1326 2681 1374 2732 los

152 2779 302 2831 orationem
315 2791 425 2844 quoque
437 2777 532 2831 oculos
545 2777 619 2830 illius
631 2778 666 2831 de
688 2777 749 2831 oleo
762 2783 856 2831 sancto
868 2779 967 2846 tetigit,
978 2786 1005 2831 et
1016 2779 1107 2832 statim
1121 2793 1173 2845 per
1184 2780 1312 2834 virtutem
1321 2781 1373 2832 lesu

152 2877 250 2930 Christi
263 2876 403 2930 clarificati
416 2877 564 2930 suntoculi
578 2879 637 2944 eJus
650 2882 788 2944 tamqnam
802 2878 824 2930 si
839 2878 908 2930 nihil
919 2879 1071 2932 habuisset.
1382 2874 1404 2926 Ξ

188 2979 274 3030 xxl.
294 2978 415 3043 Quodam
428 2977 509 3043 igitur
521 2982 644 3043 tempore
656 2977 752 3030 infelix
764 2983 790 3031 et
803 2976 911 3030 indrma
925 2977 1013 3044 puella
1032 2977 1192 3044 praedictae
1203 2980 1291 3035 cellae
1300 2978 1370 3033 mani·

154 3077 206 3129 hus
218 3075 390 3141 pedibusque
401 3076 546 3128 constricta
564 3076 672 3141 jacebat
686 3083 712 3129 et
725 3089 780 3128 non
802 3077 929 3144 surgebat
941 3077 975 3129 de
988 3082 1071 3129 terra.
1086 3079 1138 3130 Pro
1152 3079 1233 3145 cujus
1245 3079 1368 3132 sanitatem

155 3173 311 3240 recipienda
324 3181 451 3238 parentes
463 3175 522 3240 ejus
535 3174 567 3225 ad
589 3174 674 3240 pedes
686 3173 803 3227 ancillae
817 3175 862 3228 bci
877 3189 906 3228 se
920 3179 1142 3240 prosternerunt,
1155 3175 1280 3230 dicentes
1293 3192 1299 3228 :
1314 3177 1368 3229 tha·

153 3274 283 3343 fidimus
304 3272 336 3323 in
357 3273 463 3332 Deum,
476 3272 553 3339 quia
575 3272 632 3325 tibi
651 3286 672 3326 a
693 3273 822 3327 Dontino
842 3272 926 3326 nihil
948 3273 1124 3340 nequedum
1146 3276 1199 3328 sit.
1212 3277 1269 3330 Sed
1287 3273 1367 3342 fonde
1411 3296 1413 3337 :

148 3386 258 3442 preces
269 3372 311 3425 ad
324 3371 488 3424 Dominum
495 3383 556 3438 pro
568 3384 614 3439 ea,
625 3374 654 3424 et
663 3385 744 3425 sane
753 3373 822 3425 erit.
831 3374 887 3435 Quo
897 3371 1000 3439 audito,
1013 3379 1085 3426 mota
1094 3374 1198 3439 pietate
1209 3382 1237 3428 et
1246 3373 1363 3440 compulsa
1374 3369 1394 3420 ³¹
1411 3351 1413 3367 ¹

153 3471 245 3533 corde,
258 3471 456 3524 adorationem
470 3483 498 3522 se
520 3472 711 3535 prosternitur.
725 3473 792 3524 Cum
804 3475 894 3524 autem
907 3472 1059 3524 orationem
1077 3474 1254 3538 complesset,
1267 3471 1364 3540 porrexit

153 3583 264 3622 manum
278 3576 305 3622 ct
317 3569 455 3622 adlevavit
468 3567 586 3633 puellam
601 3584 606 3619 :
619 3570 745 3622 manibus
758 3575 785 3622 et
797 3569 913 3635 pedibus
926 3570 969 3623 vcl
978 3570 1107 3623 omnibus
1120 3572 1255 3625 membris
1267 3583 1358 3637 recepe

154 3676 221 3731 rata,
235 3669 469 3734 comparentibus
487 3670 544 3720 suis
565 3682 631 3720 sana
652 3681 761 3720 reversa
781 3673 822 3721 cst
842 3670 919 3735 quasi
942 3682 1093 3735 numquam
1115 3670 1216 3724 suisset
1236 3678 1360 3725 contracta.

153 3772 282 3821 Parentes
295 3769 354 3834 ejus
366 3768 408 3819 vel
420 3768 509 3820 omnis
523 3767 649 3833 populus,
663 3768 709 3834 qui
723 3768 843 3833 puellam
856 3768 981 3820 viderant
992 3774 1174 3833 contractam,
1188 3770 1308 3824 ridentes
1316 3781 1360 3822 ean

153 3880 259 3931 sanam,
273 3867 375 3920 dabant
387 3867 500 3933 gloriam
515 3869 578 3919 beo.
1370 3862 1390 3915 δ

185 3968 287 4019 xxn.
301 3970 423 4032 Cumque
433 3968 489 4032 jam
502 3972 609 4032 tempus
630 3974 703 4020 esset
715 3968 875 4021 transeundi
888 3968 923 4022 de
937 3967 988 4022 hoc
1000 3970 1120 4035 saeculo,
1136 3973 1292 4026 convocarit
1301 3969 1327 4024 ad
1337 3981 1357 4018 se

153 4079 261 4119 omnem
276 4065 478 4118 multitudinem
500 4067 635 4133 virginum
657 4068 699 4120 vel
720 4068 863 4120 viduarum
885 4066 1045 4122 devotarum
1067 4083 1192 4134 suarum,
1207 4070 1297 4124 dicens
1313 4069 1357 4121 eis:

185 4234 277 4286 Num.
293 4231 346 4284 20.
360 4261 392 4269 —
406 4230 414 4270 ¹
429 4233 505 4284 lll'lll
520 4232 592 4285 add.
612 4237 633 4284 t.
648 4261 674 4270 -
690 4232 703 4272 ¹
716 4232 864 4286 admiserat
877 4236 901 4297 l,
915 4234 1007 4285 amisit
1018 4236 1043 4286 2.
1060 4263 1089 4271 -
1102 4233 1115 4275 ³
1128 4248 1189 4290 om.
1205 4239 1230 4290 Ξ.
1244 4265 1273 4275 -
1286 4231 1357 4284 laide

152 4316 198 4368 bat
209 4317 234 4368 i.
246 4313 302 4353 -5
316 4315 373 4379 ipse
395 4318 419 4368 i.
441 4313 497 4354 -θ
510 4314 568 4366 viso
589 4318 612 4367 ι).
630 4315 682 4355 -7
697 4316 882 4368 beatissimam
903 4317 927 4368 2.
941 4314 998 4356 -8
1011 4317 1104 4369 statim
1125 4321 1151 4370 2.
1172 4348 1205 4357 —
1216 4318 1231 4360 ⁹
1242 4319 1356 4373 omi„-

153 4398 281 4450 ¹0christi
295 4402 319 4452 2.
332 4428 365 4436 -
379 4397 400 4437 ¹¹
411 4400 442 4462 (s.
458 4413 483 4464 p.
499 4400 515 4450 Ι.
528 4400 564 4461 c.)
576 4404 603 4450 et
616 4412 675 4450 mox
691 4399 707 4450 Ι.
731 4412 755 4450 c.
771 4413 796 4464 p.
817 4401 841 4450 d.
859 4426 892 4436 -
906 4397 930 4437 ¹¹
941 4413 999 4452 ont.
1013 4401 1040 4451 i.
1053 4428 1086 4438 -
1100 4400 1124 4441 ¹³
1136 4406 1168 4466 (r.
1183 4404 1221 4466 o.)
1236 4416 1262 4457 o.
1274 4416 1295 4454 r.
1305 4402 1356 4452 9.-

151 4480 175 4521 ¹¹
188 4480 238 4535 hic
248 4482 363 4534 desinit
375 4483 401 4547 2,
416 4481 491 4547 folio
503 4483 645 4548 sequente
662 4481 781 4535 avulso.
795 4511 827 4519 —
840 4482 864 4522 ¹5
877 4484 963 4535 llllllll
981 4483 1055 4538 odd.
1071 4488 1094 4536 l.
1107 4512 1143 4524 —
1155 4485 1180 4528 ¹⁶
1191 4486 1326 4539 admiserat
1337 4483 1352 4531 ¹·

150 4593 182 4603 —
196 4562 219 4603 ¹¹
231 4567 273 4616 xx
287 4565 359 4618 add.
377 4568 397 4616 l.
