3076 5498
168 283 208 348 18
504 298 629 350 cavan.
649 299 751 348 copo.
771 299 945 349 unomen.
966 300 1046 349 nar.

162 473 269 537 pratum
288 467 420 520 virtutum
439 467 603 520 sanctissimi
624 480 655 520 ac
677 467 826 520 beatissimi
848 467 932 533 patris
951 467 1037 520 nostri
1059 466 1242 533 martyrisque
1262 469 1367 523 lohanr

162 568 423 636 lutumsingressor,
431 568 459 620 in
470 567 646 635 ambiguitate
660 568 744 620 nimia
756 581 815 620 sum
826 568 997 620 constitutus.
1007 564 1177 619 desiderium
1186 573 1279 621 tamen
1291 569 1367 622 habe

162 672 285 732 cunctos,
298 669 321 720 sl
333 667 400 720 mibi
412 669 466 721 lieo
479 667 628 733 praebente
648 667 722 719 vires
739 664 876 730 affuerint,
897 667 957 731 ejus
978 678 1107 719 enarrare
1128 667 1259 729 ectasin
1279 673 1335 720 tam
1350 669 1362 720 i

162 780 289 821 mensum
307 767 420 835 pelagus
441 765 579 833 propriam
601 765 696 818 laxabo
720 766 850 832 linguam.
874 768 961 818 lletuo
984 771 1085 830 autem,
1107 778 1152 833 ne,
1175 766 1313 832 quaedam
1334 770 1367 835 ej

159 867 278 934 loquens
300 867 434 933 pluraque
455 864 635 931 praeteriens,
657 865 780 917 minuam
801 863 941 931 dignitatis
959 864 1025 930 justi
1043 876 1143 917 ornare
1165 877 1308 919 eoronam.
1327 866 1365 919 ld

159 966 292 1032 deprecor
303 970 419 1018 vestram
433 964 574 1017 caritatem
586 968 692 1017 certare
713 969 795 1030 atque
816 963 940 1016 auxiliari
965 964 1031 1015 mibi
1053 964 1150 1016 vestris
1168 965 1361 1035 orationibus,

159 1077 257 1133 queam
270 1063 373 1132 aliquid
385 1064 499 1131 dignum
511 1062 546 1116 de
558 1075 591 1116 eo
604 1063 690 1129 loqui,
703 1069 730 1116 et
750 1062 872 1116 debitum
892 1075 984 1115 meum
1007 1062 1149 1129 colligens,
1163 1065 1305 1117 communi
1322 1078 1367 1131 pa

158 1163 371 1230 instructoriqoe
394 1162 468 1216 orbis
487 1163 540 1215 boc
561 1159 671 1229 ollerre,
684 1162 808 1229 quamvls
833 1173 1006 1227 nequaquam
1026 1161 1167 1228 dignitatis
1185 1162 1267 1228 buius
1287 1163 1367 1229 ampl

159 1268 288 1321 meritum
301 1267 437 1333 explicare
449 1266 585 1334 possimus
599 1281 649 1321 nos
661 1268 690 1319 in
703 1273 822 1336 egestate
835 1267 919 1320 multa
930 1267 1076 1320 verborum
1089 1268 1223 1333 viventes,
1246 1269 1367 1321 exterio:

159 1379 269 1435 quoque
281 1366 444 1420 emditionis
457 1367 553 1435 ignari.
565 1367 618 1419 Sed
631 1380 683 1420 nec
696 1367 746 1432 llll,
765 1367 899 1433 plurimae
921 1367 1052 1419 scientiae
1074 1366 1192 1432 ingeniis
1204 1367 1345 1433 instructi,

157 1479 239 1533 agere
250 1465 350 1520 valent.
363 1469 429 1518 llam
442 1478 524 1533 quem
537 1465 646 1519 dextera
659 1467 706 1519 bel
716 1479 849 1519 coronare
872 1465 983 1531 dignata
1003 1470 1056 1528 est,
1077 1467 1150 1532 quod
1173 1466 1300 1533 verbum,
1319 1480 1367 1531 qu

157 1567 250 1635 lingua
268 1565 342 1619 bunc
361 1568 423 1631 apte
444 1563 556 1618 laudare
576 1564 696 1618 valebit?
717 1565 771 1617 sed
791 1565 928 1632 quamvis,
949 1573 979 1617 ut
999 1565 1087 1617 fassus
1108 1577 1180 1629 sum,
1202 1564 1310 1618 favores
1331 1566 1366 1631 ej

158 1666 325 1732 minuamus,
347 1665 493 1732 puritatem
512 1672 635 1718 nostram
657 1664 788 1731 suscipiet
809 1670 836 1718 et
864 1665 1053 1719 remunerabit
1084 1664 1147 1730 pius
1178 1665 1367 1731 eommunisq

157 1770 246 1832 pater,
259 1777 315 1818 non
327 1765 479 1818 secundum
492 1777 568 1817 suam
583 1764 742 1832 dignitatem
754 1766 894 1818 metiendo
907 1778 1003 1831 quaea
1017 1765 1097 1818 nobis
1109 1763 1249 1830 dicuntur,
1272 1764 1320 1818 sed
1337 1764 1367 1817 si

155 1878 245 1919 ceram
257 1865 427 1920 voluntatem
439 1871 561 1919 nostram
573 1864 752 1933 attendendo,
767 1870 794 1918 et
806 1866 957 1918 imitabitur
969 1866 996 1917 in
1008 1866 1059 1919 boc
1072 1878 1151 1918 suum
1170 1866 1367 1919 Dominatorer

155 1965 203 2033 qui
216 1978 267 2019 nec
278 1965 333 2019 duo
346 1978 425 2019 aerea
439 1965 544 2018 minuta
556 1964 654 2018 viduae
667 1965 780 2032 sprevit,
794 1966 841 2018 sed
855 1966 1033 2031 magniscam
1047 1964 1185 2018 favoribus
1197 1964 1350 2031 dignanter
1361 1981 1367 2012 t

155 2065 265 2131 propria
276 2065 414 2118 sententia
425 2066 575 2132 coronavit,
590 2071 617 2117 et
629 2078 685 2118 non
698 2066 873 2133 exiguitatem
884 2066 1031 2119 oblationis
1048 2065 1174 2129 attendit,
1197 2064 1246 2117 sed
1267 2063 1365 2118 devoti

155 2175 221 2216 nem
239 2164 371 2228 laudavit,
393 2172 561 2231 quapropter
578 2172 605 2217 et
628 2166 740 2233 dignum
763 2167 913 2231 praemium
936 2171 1082 2219 consecula
1103 2170 1144 2217 est
1162 2177 1177 2216 a
1200 2165 1367 2217 nominator

153 2263 269 2316 'lantum
283 2264 356 2316 enim
368 2269 410 2315 est
422 2264 512 2316 bonus
524 2270 617 2317 noster
626 2244 784 2317 dominator
805 2270 834 2317 ut
852 2278 887 2317 ex
907 2265 951 2331 pia
963 2263 1108 2317 devotione
1126 2262 1207 2316 solito
1225 2264 1338 2315 coronet
1361 2276 1367 2304 ⁴

153 2360 275 2415 dillamet
286 2375 335 2416 eos
346 2363 393 2429 qui
406 2363 431 2415 ei
443 2363 584 2429 quaelibet
596 2364 638 2430 pia
648 2377 764 2417 munera
776 2362 905 2417 oderunt.
924 2363 1049 2416 studiose
1072 2363 1153 2430 igitur
1170 2366 1198 2413 et
1211 2375 1262 2415 nos
1273 2362 1367 2415 videat

153 2459 238 2528 illam,
253 2474 324 2529 quae
336 2460 520 2529 quadrantem
541 2461 650 2530 obtulit,
672 2464 819 2531 imitantes,
837 2464 980 2516 minimam
1002 2463 1072 2515 banc
1092 2466 1215 2514 nostram
1232 2460 1367 2528 dirigant

152 2560 271 2630 linguam
283 2561 318 2615 ad
330 2562 432 2616 bonam
444 2561 555 2616 laudem
566 2564 720 2617 communis
733 2563 826 2630 patris,
840 2563 887 2629 qui
901 2568 1012 2629 propter
1024 2575 1104 2614 suum
1117 2573 1133 2613 a
1145 2574 1175 2614 se
1193 2560 1367 2614 desideratur

151 2662 217 2715 satis
228 2662 372 2715 bominum
385 2667 483 2715 cuncta
496 2661 621 2729 despexit
632 2664 785 2729 praesentis
798 2662 900 2716 saeculi
919 2661 1084 2728 decipientia
1106 2661 1250 2727 bomines;
1267 2663 1367 2726 propte

150 2761 223 2827 quod
235 2760 346 2814 caelesti
367 2761 510 2814 mansione
531 2762 727 2828 nunelruitur,
750 2760 862 2815 ellectus
881 2762 1017 2828 particeps
1047 2761 1137 2813 eboris
1162 2759 1367 2825 patriarcham:

146 2860 337 2927 justorumque
350 2860 552 2928 universorum,
565 2861 612 2928 qui
626 2862 728 2914 bonum
742 2862 929 2915 testimonium
941 2861 1141 2927 perhibuerunt
1162 2857 1196 2912 de
1216 2862 1270 2912 beo
1282 2871 1311 2910 ac
1326 2862 1367 2921 pt!

150 2960 309 3026 martyrium
327 2960 450 3013 coronati
474 2964 546 3013 sunt.
569 2961 635 3025 Quia
655 2961 729 3014 enim
745 2975 795 3028 per
817 2962 933 3014 eandem
955 2961 1107 3013 eorundem
1127 2959 1198 3010 viam
1219 2970 1267 3023 per
1286 2954 1360 3010 omni

148 3058 278 3124 cucurrit,
292 3062 436 3125 propterea
448 3064 475 3111 ct
486 3059 608 3125 ipsorum
620 3060 733 3113 coberes
745 3060 842 3123 lactus,
864 3059 898 3112 ad
919 3073 1049 3112 serenum
1071 3057 1197 3123 pervenit
1215 3061 1327 3122 portum,
1344 3062 1367 3106 e

148 3158 275 3211 miseriae
287 3159 425 3225 praesenti
438 3158 571 3224 sublatus,
584 3159 618 3212 dc
630 3159 737 3226 reliquo
759 3159 786 3211 in
810 3164 867 3212 tuto
886 3160 1001 3220 locatus,
1023 3158 1180 3224 laborisque
1200 3156 1291 3209 carnis
1310 3167 1367 3208 sua*

147 3258 299 3323 praemium
311 3270 327 3310 a
341 3260 394 3311 lleo
407 3257 459 3310 sibi
473 3256 644 3310 reddendum
658 3259 761 3325 absque
773 3259 849 3311 omni
862 3257 971 3310 fastidio
984 3258 1133 3320 sustinens,
1147 3269 1196 3322 spe
1205 3268 1238 3308 ac
1249 3253 1367 3307 mercede

147 3354 307 3409 hereditatis
319 3357 454 3422 epulatur.
469 3357 496 3409 si
510 3357 607 3423 placet,
621 3357 761 3423 paululum
775 3359 879 3410 sustine
891 3371 945 3421 me,
958 3357 1089 3424 quoniam
1101 3357 1130 3407 in
1148 3355 1261 3422 longum
1273 3360 1367 3420 protra-

143 3456 401 3508 ximussermonem
416 3471 422 3507 :
437 3456 474 3508 lta
491 3457 564 3509 enirn
588 3456 751 3523 valebimus,
776 3470 825 3524 pro
846 3457 950 3509 viribus
969 3456 1069 3509 nostris
1087 3458 1249 3522 sequentes,
1265 3453 1367 3505 laudem

144 3554 269 3620 martyris
281 3554 425 3619 explicare.
450 3558 593 3621 llartyrem
613 3569 677 3609 vero
698 3569 761 3609 eum
782 3569 859 3614 voco.
881 3557 987 3608 etiamsi
1008 3554 1103 3609 decem
1125 3553 1249 3605 millibus
1270 3553 1367 3606 vicibus

142 3651 239 3705 dicatis
252 3668 259 3704 z
272 3655 331 3706 llon
342 3657 383 3705 est
394 3659 504 3720 martyr.
519 3655 648 3718 quoniam
663 3668 717 3709 noo
730 3653 796 3722 qula
808 3654 1136 3707 confitebaturcbrlstum
1146 3653 1256 3705 occisus
1268 3656 1318 3716 est,
1329 3650 1367 3703 sed

142 3751 281 3804 communi
292 3756 379 3804 morte
391 3751 468 3804 obiit.
482 3753 513 3803 llt
525 3752 577 3805 boc
590 3765 638 3818 pro
651 3760 726 3806 certo
741 3766 822 3806 nosse
834 3753 969 3820 valebitis,
989 3750 1063 3818 quod
1086 3750 1190 3803 scilicet
1211 3754 1316 3815 martyr
1329 3749 1367 3815 sit,

140 3848 163 3901 si
176 3847 297 3903 studiose
310 3849 466 3917 advertatis,
481 3858 659 3905 recensentes
671 3857 776 3905 textum
788 3854 865 3906 verbi
878 3853 964 3906 nostri
977 3853 1107 3918 paulatim
1128 3862 1177 3903 vos
1201 3849 1365 3902 instruentis

140 3948 273 4002 llicenim
290 3949 463 4018 perlongum
475 3951 548 4003 vitae
560 3962 625 4004 suae
647 3958 755 4017 tempus
777 3953 805 4004 in
825 3957 917 4004 mente
937 3958 1019 4018 atque
1041 3952 1171 4003 incarne
1193 3951 1310 4016 propria
1332 3950 1367 4001 im

9 4079 30 4120 a
45 4066 123 4134 Μ,
140 4061 236 4101 mensa
249 4054 276 4101 et
287 4062 384 4116 magna
396 4050 451 4118 egit
462 4050 535 4102 bona
546 4063 579 4102 ac
591 4051 702 4116 pertulit
715 4052 800 4117 mala;
816 4052 953 4103 simillima
972 4052 1011 4103 illi
1031 4050 1189 4117 cunctique·
1203 4050 1295 4103 sancti
1309 4061 1367 4103 mar

18 4146 122 4252 hlclffiffl
142 4151 215 4215 tyrcs
232 4162 283 4215 per
294 4162 380 4215 pauca
394 4153 517 4215 tempora
528 4154 643 4215 egerunt
654 4150 778 4202 militiam
792 4163 823 4203 ac
837 4151 1009 4216 pertulerunt
1021 4150 1089 4203 dura
1102 4149 1137 4202 ab
1149 4149 1315 4203 inlldelibus
1327 4150 1368 4204 sui

142 4248 375 4314 persecutoribus.
398 4250 466 4317 llrgo
492 4250 549 4314 jam
570 4263 643 4302 nunc
662 4249 813 4302 reseramus
833 4263 904 4318 quae
926 4248 960 4303 ad
981 4249 1150 4316 parentelam
1172 4262 1368 4318 personamqu

141 4346 227 4414 lpsius
238 4352 298 4401 acta
310 4353 338 4401 et
349 4347 422 4402 dieta
434 4355 598 4416 congruunt.
612 4348 754 4414 Explicit
765 4352 927 4416 prologus,

551 4463 680 4540 Incipit
701 4468 781 4529 vite
802 4471 973 4541 ejusdem.
