3076 5498
607 304 734 356 CATAL.
754 307 856 357 OODD.
876 306 1051 357 HAGIOGR.
1070 308 1148 358 tas.

406 499 506 576 qnae
545 477 764 556 celebratur
800 504 844 555 111
875 478 1061 556 kalendas
1090 479 1244 580 augusti
1275 478 1351 577 (iol.
1378 477 1453 553 itt-

408 598 519 699 na).

290 735 346 784 lac.
367 733 671 788 Pretiosissimorum
702 733 808 788 Abdon
834 735 929 801 atque
949 735 1062 787 Senues
1080 733 1196 788 coristi
1216 736 1389 799 martyrum
1405 733 1454 784 stilo

259 834 419 886 currentes
431 844 544 899 opones
556 836 648 900 atque
659 833 768 886 varias
775 833 948 900 passiones,
960 845 1083 887 necesse
1098 835 1144 886 est
1152 832 1365 900 praetitulare
1374 845 1422 898 qna
1430 843 1456 882 ea

258 931 387 984 natione
408 944 507 998 quave
536 931 601 984 sint
623 933 728 986 exorti
754 933 880 985 telluris
903 932 1133 999 procreatione.
1160 933 1335 985 Persarum
1359 939 1457 995 nonna

169 1089 175 1101 ,
260 1016 418 1085 claritudo
428 1044 587 1100 penerum,
601 1045 657 1086 cea
676 1033 709 1084 in
731 1033 840 1085 multis
858 1032 1017 1099 reperitur
1029 1032 1250 1097 voluminibus,
1270 1033 1351 1085 inter
1365 1032 1456 1084 eausa

194 1127 201 1142 ⁸
260 1130 544 1196 nationespotnom
556 1131 753 1197 splendidius
765 1130 915 1184 beliorum
925 1130 1181 1184 assuetudinibns
1188 1144 1227 1184 ac
1235 1131 1363 1184 divitiis¹
1374 1127 1454 1196 ampti-

263 1229 431 1282 tudinibus.
443 1230 522 1288 Quin
533 1230 629 1283 etiarn
637 1243 741 1297 paene
748 1230 954 1284 orientalibus
964 1230 1026 1283 sita
1040 1230 1455 1296 ciimatitnsindicispennn·
1516 1264 1518 1266 -

261 1341 333 1381 rum
346 1328 539 1396 chorumque,
553 1329 637 1392 auri,
651 1329 776 1396 arpenti
787 1342 825 1382 ac
837 1329 1012 1383 sericorum
1024 1329 1157 1383 vestium
1169 1327 1320 1396 affluebat
1331 1325 1457 1382 annino

261 1441 357 1482 necnee
367 1428 564 1482 diversorum
568 1429 801 1495 piprnentomnn
812 1429 969 1489 odoribus,
982 1429 1060 1482 adeo
1071 1432 1115 1491 ut,
1126 1429 1224 1482 vetuti
1233 1429 1455 1481 breviataeonn
1513 1415 1529 1452 ³³

191 1508 193 1512 ⁵
262 1531 369 1584 innuit
381 1533 501 1599 passio,
520 1546 560 1586 eos
578 1534 751 1586 Persarum
770 1533 888 1599 repuiis
908 1532 1039 1586 iliorum
1056 1530 1214 1597 praediea
1235 1530 1347 1583 exorta
1366 1526 1457 1580 dicotur
1513 1515 1530 1551 ³1

266 1631 365 1684 natio.

300 1732 358 1782 [tes.
374 1731 457 1784 Haec
475 1731 608 1799 dariique
624 1745 756 1799 corpora
775 1730 1053 1785 invictissimorum
1070 1728 1176 1782 Abdon
1193 1740 1231 1782 ac
1248 1729 1359 1782 &unes
1376 1720 1459 1781 citent
1513 1715 1530 1746 ·⁷

264 1828 457 1895 famulorum
471 1832 633 1883 iniecerunt
645 1844 741 1897 usqne
753 1830 796 1883 ad
807 1833 945 1897 tempora
961 1828 1160 1884 Constantini
1168 1827 1333 1881 mitissimi
1338 1820 1460 1894 prinnini
1511 1812 1530 1847 ²¹·

263 1928 483 1981 Romanorum.
511 1930 654 1994 Tempore
682 1941 791 1994 nerrtpe
816 1928 918 1993 ipsius
944 1927 1070 1982 Domino
1097 1926 1254 1992 tarpiente
1274 1921 1461 1992 praefatorum
1527 1898 1530 1941 ³

265 2024 423 2080 beatorum
436 2027 573 2094 mirifica
585 2039 718 2093 corpora
730 2029 805 2079 sunt
822 2027 962 2079 revelata
981 2027 1011 2078 et
1024 2038 1095 2078 cum
1116 2037 1235 2091 mapna
1254 2017 1465 2076 venerationes
1513 2010 1523 2044 '-

266 2125 463 2178 enuitatione
476 2125 510 2177 in
521 2125 715 2179 cimeterium
727 2125 895 2193 Nepotiani
909 2125 1079 2177 translata.
1093 2123 1262 2190 Repnanta
1277 2127 1329 2174 etc.
1517 2108 1523 2113 ’

365 2223 452 2299 its>
478 2224 561 2300 Vita
592 2224 695 2301 beati
728 2222 867 2301 Donati
898 2204 1134 2301 confessoris
1169 2219 1328 2316 Christi,
1362 2235 1468 2294 mense
1522 2222 1525 2239 ²

415 2349 567 2448 angusti
587 2347 651 2425 die
669 2372 722 2426 vn
740 2346 816 2447 (fol.
838 2345 1058 2444 nasi-noti).

302 2479 349 2532 Ed.
363 2495 406 2546 ap.
420 2481 613 2546 mombritium,
635 2489 700 2534 tom.
723 2483 744 2544 Ι,
766 2481 812 2534 iol.
832 2481 892 2532 eso
915 2478 1038 2543 (Passio
1057 2477 1163 2530 sancti
1182 2475 1301 2529 Donati
1318 2473 1442 2544 episcopi
1453 2471 1474 2524 et

268 2580 431 2644 martyris)
443 2597 450 2644 ;
464 2581 511 2632 sed
525 2581 550 2633 ei
563 2582 665 2633 inserta
678 2586 726 2647 est,
742 2585 840 2633 utnon
861 2591 924 2632 raro
936 2579 1013 2643 alias,
1026 2577 1112 2630 altero
1125 2576 1171 2629 illa
1193 2588 1266 2642 quae
1283 2576 1356 2628 edita
1367 2570 1477 2629 estitit..

270 2676 317 2730 iol.
331 2680 391 2731 2³2¹
402 2678 488 2742 (Vita
500 2681 604 2732 sancti
615 2680 730 2733 Donati
741 2679 897 2747 episcopi).

368 2776 455 2853 120⁰
483 2778 615 2855 Passio
630 2779 751 2856 saneti
771 2777 914 2855 iuliani
935 2774 1130 2876 martyris,
1147 2796 1250 2875 quae
1264 2771 1484 2851 estvkalen·
1528 2808 1530 2841 t

419 2901 488 2979 das
505 2901 741 3002 septembris
758 2901 836 3003 (iol.
858 2897 1079 3000 iiiii-iiis).

304 3032 352 3084 Ed.
365 3035 617 3097 P.L.‚tom.1.xxi,
629 3049 655 3098 p.
672 3036 771 3086 nos-s.
783 3032 877 3085 Eidem
891 3044 1015 3084 annexus
1027 3037 1069 3083 est
1079 3030 1151 3083 liber
1163 3030 1206 3082 De
1218 3027 1392 3082 virtutibus
1403 3023 1491 3080 samii

270 3131 404 3196 iuliani,
426 3132 471 3184 eti.
493 3131 572 3193 ibid..
596 3148 621 3197 p.
643 3134 747 3200 sot-ts,
769 3131 861 3185 inoea
882 3131 973 3184 verbis
998 3131 1098 3197 Caput
1114 3140 1235 3197 quoque
1254 3127 1326 3193 mus
1344 3126 1492 3182 amenius

272 3232 426 3294 martyr...
440 3232 510 3296 (cap.
523 3243 532 3283 1
544 3232 633 3294 exin).

373 3327 460 3402 iii>
486 3329 616 3409 Passio
631 3337 854 3408 sanctorum
870 3338 1084 3430 martyrum
1099 3326 1292 3416 Mancini,
1311 3322 1496 3426 Exuperii,

423 3455 602 3549 Candidi,
636 3455 858 3531 Innocentis
891 3462 1009 3554 atque
1054 3451 1221 3529 Victoris
1264 3473 1359 3528 oum
1394 3447 1500 3528 sociis

425 3601 576 3672 eornm,
599 3579 666 3679 qni
685 3581 843 3678 Agauno
862 3577 965 3678 passi
985 3584 1076 3654 sunt
1093 3574 1170 3676 (iol.
1193 3572 1452 3662 titt-itan*

309 3705 418 3757 initium
434 3703 581 3754 Passionis,
