<?xml version="1.0" encoding="UTF-8"?>
<!DOCTYPE html PUBLIC "-//W3C//DTD XHTML 1.0 Transitional//EN"
    "http://www.w3.org/TR/xhtml1/DTD/xhtml1-transitional.dtd">
<html xmlns="http://www.w3.org/1999/xhtml" xml:lang="en" lang="en">
 <head>
  <title>
</title>
<meta http-equiv="Content-Type" content="text/html;charset=utf-8" />
  <meta name='ocr-system' content='tesseract 3.04.00' />
  <meta name='ocr-capabilities' content='ocr_page ocr_carea ocr_par ocr_line ocrx_word'/>
</head>
<body>
  <div class='ocr_page' id='page_1' title='image "./cataloguscodicu00manugoog_0540.png"; bbox 0 0 3082 5498; ppageno 0'>
   <div class='ocr_carea' id='block_1_1' title="bbox 457 326 1382 396">
    <p class='ocr_par' dir='ltr' id='par_1_1' title="bbox 457 326 1382 396">
     <span class='ocr_line' id='line_1_1' title="bbox 457 326 1382 396; baseline 0.005 -10"><span class='ocrx_word' id='word_1_1' title='bbox 457 339 551 387; x_wconf 77' lang='lat' dir='ltr'><strong><em>amn.</em></strong></span> <span class='ocrx_word' id='word_1_2' title='bbox 571 337 652 386; x_wconf 76' lang='lat' dir='ltr'><strong><em>nar.</em></strong></span> <span class='ocrx_word' id='word_1_3' title='bbox 672 337 789 388; x_wconf 77' lang='lat' dir='ltr'><strong><em>ranis.</em></strong></span> <span class='ocrx_word' id='word_1_4' title='bbox 809 358 852 366; x_wconf 91' lang='lat'>—</span> <span class='ocrx_word' id='word_1_5' title='bbox 869 338 1042 388; x_wconf 79' lang='lat' dir='ltr'><strong><em>surenam.</em></strong></span> <span class='ocrx_word' id='word_1_6' title='bbox 1062 340 1088 396; x_wconf 75' lang='grc'><strong><em>1.,</em></strong></span> <span class='ocrx_word' id='word_1_7' title='bbox 1316 326 1382 391; x_wconf 82' lang='lat'><strong><em>527</em></strong></span> 
     </span>
    </p>
   </div>
   <div class='ocr_carea' id='block_1_2' title="bbox 149 503 1436 4646">
    <p class='ocr_par' dir='ltr' id='par_1_2' title="bbox 149 503 1384 859">
     <span class='ocr_line' id='line_1_2' title="bbox 149 503 1384 575; baseline 0.006 -18"><span class='ocrx_word' id='word_1_8' title='bbox 149 507 229 558; x_wconf 83' lang='lat' dir='ltr'><strong><em>nisio</em></strong></span> <span class='ocrx_word' id='word_1_9' title='bbox 242 506 329 559; x_wconf 88' lang='lat' dir='ltr'><strong><em>nobis</em></strong></span> <span class='ocrx_word' id='word_1_10' title='bbox 341 507 502 574; x_wconf 80' lang='lat' dir='ltr'><strong><em>apperuit.</em></strong></span> <span class='ocrx_word' id='word_1_11' title='bbox 519 503 759 573; x_wconf 80' lang='lat' dir='ltr'><strong><em>Benefociomus</em></strong></span> <span class='ocrx_word' id='word_1_12' title='bbox 770 507 824 569; x_wconf 89' lang='lat' dir='ltr'><strong><em>eis,</em></strong></span> <span class='ocrx_word' id='word_1_13' title='bbox 837 509 869 559; x_wconf 91' lang='grc'><strong><em>01</em></strong></span> <span class='ocrx_word' id='word_1_14' title='bbox 878 507 1023 560; x_wconf 84' lang='lat' dir='ltr'><strong><em>dicamus</em></strong></span> <span class='ocrx_word' id='word_1_15' title='bbox 1045 508 1167 560; x_wconf 83' lang='lat' dir='ltr'><strong><em>Mariae</em></strong></span> <span class='ocrx_word' id='word_1_16' title='bbox 1181 508 1384 575; x_wconf 81' lang='lat' dir='ltr'><strong><em>Mopdalenoe</em></strong></span> 
     </span>
     <span class='ocr_line' id='line_1_3' title="bbox 151 605 1384 674; baseline 0.002 -15"><span class='ocrx_word' id='word_1_17' title='bbox 151 609 188 659; x_wconf 84' lang='lat' dir='ltr'><strong><em>nt</em></strong></span> <span class='ocrx_word' id='word_1_18' title='bbox 197 609 265 659; x_wconf 87' lang='lat' dir='ltr'><strong><em>oret</em></strong></span> <span class='ocrx_word' id='word_1_19' title='bbox 278 608 374 658; x_wconf 76' lang='grc'><strong>1101001</strong></span> <span class='ocrx_word' id='word_1_20' title='bbox 393 619 486 658; x_wconf 84' lang='lat' dir='ltr'><strong><em>snum</em></strong></span> <span class='ocrx_word' id='word_1_21' title='bbox 506 609 540 658; x_wconf 89' lang='lat' dir='ltr'><strong><em>ut</em></strong></span> <span class='ocrx_word' id='word_1_22' title='bbox 553 606 670 671; x_wconf 85' lang='lat' dir='ltr'><strong><em>possim</em></strong></span> <span class='ocrx_word' id='word_1_23' title='bbox 692 605 861 670; x_wconf 79' lang='lat' dir='ltr'><em>concipere.</em></span> <span class='ocrx_word' id='word_1_24' title='bbox 875 607 1016 672; x_wconf 74' lang='lat' dir='ltr'><strong><em>acquievit</em></strong></span> <span class='ocrx_word' id='word_1_25' title='bbox 1028 607 1111 674; x_wconf 83' lang='lat' dir='ltr'><strong><em>igitur</em></strong></span> <span class='ocrx_word' id='word_1_26' title='bbox 1131 608 1176 658; x_wconf 87' lang='lat' dir='ltr'><strong><em>vir</em></strong></span> <span class='ocrx_word' id='word_1_27' title='bbox 1188 607 1247 659; x_wconf 90' lang='lat' dir='ltr'><strong><em>utili</em></strong></span> <span class='ocrx_word' id='word_1_28' title='bbox 1261 608 1384 662; x_wconf 90' lang='lat' dir='ltr'><strong><em>mulieris</em></strong></span> 
     </span>
     <span class='ocr_line' id='line_1_4' title="bbox 150 706 1379 776; baseline 0 -16"><span class='ocrx_word' id='word_1_29' title='bbox 150 708 278 771; x_wconf 87' lang='lat' dir='ltr'><strong><em>consilio,</em></strong></span> <span class='ocrx_word' id='word_1_30' title='bbox 292 707 462 772; x_wconf 74' lang='lat' dir='ltr'>praecipiens</span> <span class='ocrx_word' id='word_1_31' title='bbox 474 712 584 760; x_wconf 87' lang='lat' dir='ltr'><strong><em>sanctos</em></strong></span> <span class='ocrx_word' id='word_1_32' title='bbox 597 707 644 758; x_wconf 86' lang='lat' dir='ltr'><strong><em>bei</em></strong></span> <span class='ocrx_word' id='word_1_33' title='bbox 658 706 788 770; x_wconf 84' lang='lat' dir='ltr'><strong><em>hospitari</em></strong></span> <span class='ocrx_word' id='word_1_34' title='bbox 802 710 829 756; x_wconf 90' lang='lat' dir='ltr'><strong><em>et</em></strong></span> <span class='ocrx_word' id='word_1_35' title='bbox 840 706 869 758; x_wconf 91' lang='lat' dir='ltr'><strong><em>in</em></strong></span> <span class='ocrx_word' id='word_1_36' title='bbox 886 707 1015 758; x_wconf 90' lang='lat' dir='ltr'><strong><em>omnibus</em></strong></span> <span class='ocrx_word' id='word_1_37' title='bbox 1027 707 1066 759; x_wconf 88' lang='lat' dir='ltr'><strong><em>eis</em></strong></span> <span class='ocrx_word' id='word_1_38' title='bbox 1084 707 1237 759; x_wconf 88' lang='lat' dir='ltr'><strong><em>necessaria</em></strong></span> <span class='ocrx_word' id='word_1_39' title='bbox 1251 710 1359 776; x_wconf 75' lang='lat' dir='ltr'><strong><em>erogari</em></strong></span> <span class='ocrx_word' id='word_1_40' title='bbox 1372 726 1379 776; x_wconf 80' lang='lat'>3</span> 
     </span>
     <span class='ocr_line' id='line_1_5' title="bbox 150 807 359 859; baseline 0 -1"><span class='ocrx_word' id='word_1_41' title='bbox 150 811 180 858; x_wconf 92' lang='lat' dir='ltr'><strong><em>et</em></strong></span> <span class='ocrx_word' id='word_1_42' title='bbox 193 807 294 857; x_wconf 86' lang='lat' dir='ltr'><strong><em>tactum</em></strong></span> <span class='ocrx_word' id='word_1_43' title='bbox 309 811 359 859; x_wconf 91' lang='lat' dir='ltr'><strong><em>est.</em></strong></span> 
     </span>
    </p>

    <p class='ocr_par' dir='ltr' id='par_1_3' title="bbox 150 902 1387 3154">
     <span class='ocr_line' id='line_1_6' title="bbox 185 902 1381 970; baseline 0.003 -15"><span class='ocrx_word' id='word_1_44' title='bbox 185 905 218 958; x_wconf 80' lang='lat'><strong><em>4.</em></strong></span> <span class='ocrx_word' id='word_1_45' title='bbox 238 905 406 970; x_wconf 80' lang='lat' dir='ltr'><strong><em>evolutoque</em></strong></span> <span class='ocrx_word' id='word_1_46' title='bbox 422 905 496 957; x_wconf 85' lang='lat' dir='ltr'><strong><em>brevi</em></strong></span> <span class='ocrx_word' id='word_1_47' title='bbox 520 911 653 969; x_wconf 86' lang='lat' dir='ltr'><strong><em>tempore,</em></strong></span> <span class='ocrx_word' id='word_1_48' title='bbox 675 903 766 955; x_wconf 89' lang='lat' dir='ltr'><strong><em>debita</em></strong></span> <span class='ocrx_word' id='word_1_49' title='bbox 786 902 840 955; x_wconf 89' lang='lat' dir='ltr'><strong><em>illis</em></strong></span> <span class='ocrx_word' id='word_1_50' title='bbox 857 905 1060 967; x_wconf 85' lang='lat' dir='ltr'><strong><em>exercentibus,</em></strong></span> <span class='ocrx_word' id='word_1_51' title='bbox 1074 905 1201 970; x_wconf 75' lang='lat' dir='ltr'><strong><em>cognomi</em></strong></span> <span class='ocrx_word' id='word_1_52' title='bbox 1212 919 1242 958; x_wconf 89' lang='lat' dir='ltr'><strong><em>se</em></strong></span> <span class='ocrx_word' id='word_1_53' title='bbox 1255 913 1381 959; x_wconf 89' lang='lat' dir='ltr'><strong><em>matrona</em></strong></span> 
     </span>
     <span class='ocr_line' id='line_1_7' title="bbox 150 1002 1384 1070; baseline 0.001 -14"><span class='ocrx_word' id='word_1_54' title='bbox 150 1005 388 1070; x_wconf 89' lang='lat' dir='ltr'><strong><em>precibusbeatae</em></strong></span> <span class='ocrx_word' id='word_1_55' title='bbox 400 1004 498 1056; x_wconf 84' lang='lat' dir='ltr'><strong><em>itariae</em></strong></span> <span class='ocrx_word' id='word_1_56' title='bbox 511 1002 683 1069; x_wconf 71' lang='lat' dir='ltr'>magdalenae</span> <span class='ocrx_word' id='word_1_57' title='bbox 704 1003 872 1068; x_wconf 81' lang='lat' dir='ltr'><strong>concepisse,</strong></span> <span class='ocrx_word' id='word_1_58' title='bbox 896 1007 924 1055; x_wconf 90' lang='lat' dir='ltr'><strong><em>et</em></strong></span> <span class='ocrx_word' id='word_1_59' title='bbox 944 1003 1027 1070; x_wconf 83' lang='lat' dir='ltr'>gavisi</span> <span class='ocrx_word' id='word_1_60' title='bbox 1052 1008 1117 1055; x_wconf 91' lang='lat' dir='ltr'><strong><em>sunt</em></strong></span> <span class='ocrx_word' id='word_1_61' title='bbox 1137 1005 1269 1057; x_wconf 83' lang='lat' dir='ltr'><strong><em>universi.</em></strong></span> <span class='ocrx_word' id='word_1_62' title='bbox 1284 1007 1384 1059; x_wconf 87' lang='lat' dir='ltr'><strong><em>Conse·</em></strong></span> 
     </span>
     <span class='ocr_line' id='line_1_8' title="bbox 150 1101 1384 1170; baseline 0 -15"><span class='ocrx_word' id='word_1_63' title='bbox 150 1109 272 1170; x_wconf 85' lang='lat' dir='ltr'><strong><em>quenter</em></strong></span> <span class='ocrx_word' id='word_1_64' title='bbox 283 1103 324 1154; x_wconf 90' lang='lat' dir='ltr'><strong><em>vir</em></strong></span> <span class='ocrx_word' id='word_1_65' title='bbox 335 1103 426 1154; x_wconf 90' lang='lat' dir='ltr'><strong><em>itineri</em></strong></span> <span class='ocrx_word' id='word_1_66' title='bbox 439 1113 489 1152; x_wconf 93' lang='lat' dir='ltr'><strong><em>suo</em></strong></span> <span class='ocrx_word' id='word_1_67' title='bbox 502 1101 592 1165; x_wconf 89' lang='lat' dir='ltr'><strong><em>coepit</em></strong></span> <span class='ocrx_word' id='word_1_68' title='bbox 604 1101 764 1166; x_wconf 76' lang='lat' dir='ltr'>disponere,</span> <span class='ocrx_word' id='word_1_69' title='bbox 786 1107 816 1152; x_wconf 89' lang='lat' dir='ltr'><strong><em>nt</em></strong></span> <span class='ocrx_word' id='word_1_70' title='bbox 837 1107 928 1166; x_wconf 90' lang='lat' dir='ltr'><strong><em>posset</em></strong></span> <span class='ocrx_word' id='word_1_71' title='bbox 949 1102 1068 1167; x_wconf 85' lang='lat' dir='ltr'><strong><em>experiri</em></strong></span> <span class='ocrx_word' id='word_1_72' title='bbox 1083 1103 1106 1154; x_wconf 93' lang='lat' dir='ltr'><strong><em>si</em></strong></span> <span class='ocrx_word' id='word_1_73' title='bbox 1119 1115 1214 1154; x_wconf 88' lang='lat' dir='ltr'><strong><em>verum</em></strong></span> <span class='ocrx_word' id='word_1_74' title='bbox 1226 1108 1298 1156; x_wconf 90' lang='lat' dir='ltr'><strong><em>esset</em></strong></span> <span class='ocrx_word' id='word_1_75' title='bbox 1310 1103 1384 1170; x_wconf 86' lang='lat' dir='ltr'><strong><em>quod</em></strong></span> 
     </span>
     <span class='ocr_line' id='line_1_9' title="bbox 151 1200 1382 1268; baseline 0 -13"><span class='ocrx_word' id='word_1_76' title='bbox 151 1202 409 1268; x_wconf 86' lang='lat' dir='ltr'><strong><em>praedicavitbeata</em></strong></span> <span class='ocrx_word' id='word_1_77' title='bbox 422 1203 504 1253; x_wconf 88' lang='lat' dir='ltr'><strong><em>llaria</em></strong></span> <span class='ocrx_word' id='word_1_78' title='bbox 525 1200 681 1266; x_wconf 66' lang='lat' dir='ltr'><strong><em>magdalena</em></strong></span> <span class='ocrx_word' id='word_1_79' title='bbox 700 1200 734 1253; x_wconf 80' lang='lat' dir='ltr'><strong><em>tle</em></strong></span> <span class='ocrx_word' id='word_1_80' title='bbox 755 1201 868 1253; x_wconf 84' lang='lat' dir='ltr'><strong><em>bomine</em></strong></span> <span class='ocrx_word' id='word_1_81' title='bbox 891 1206 985 1254; x_wconf 89' lang='lat' dir='ltr'><strong><em>nostro</em></strong></span> <span class='ocrx_word' id='word_1_82' title='bbox 1005 1204 1069 1254; x_wconf 89' lang='lat' dir='ltr'><strong><em>lesu</em></strong></span> <span class='ocrx_word' id='word_1_83' title='bbox 1093 1202 1209 1256; x_wconf 81' lang='lat' dir='ltr'><strong><em>Christo.</em></strong></span> <span class='ocrx_word' id='word_1_84' title='bbox 1229 1202 1307 1266; x_wconf 77' lang='lat' dir='ltr'><strong><em>Quod</em></strong></span> <span class='ocrx_word' id='word_1_85' title='bbox 1320 1216 1382 1256; x_wconf 90' lang='lat' dir='ltr'><strong><em>cum</em></strong></span> 
     </span>
     <span class='ocr_line' id='line_1_10' title="bbox 152 1299 1385 1371; baseline 0.002 -18"><span class='ocrx_word' id='word_1_86' title='bbox 152 1308 281 1355; x_wconf 88' lang='lat' dir='ltr'><strong><em>matrona</em></strong></span> <span class='ocrx_word' id='word_1_87' title='bbox 292 1300 453 1364; x_wconf 84' lang='lat' dir='ltr'><strong><em>attenderet,</em></strong></span> <span class='ocrx_word' id='word_1_88' title='bbox 467 1301 506 1352; x_wconf 92' lang='lat' dir='ltr'><strong><em>ait</em></strong></span> <span class='ocrx_word' id='word_1_89' title='bbox 519 1316 526 1352; x_wconf 73' lang='grc' dir='ltr'><strong>ι</strong></span> <span class='ocrx_word' id='word_1_90' title='bbox 542 1300 622 1359; x_wconf 84' lang='lat' dir='ltr'><strong><em>Quid</em></strong></span> <span class='ocrx_word' id='word_1_91' title='bbox 633 1301 688 1363; x_wconf 86' lang='lat' dir='ltr'><strong><em>est,</em></strong></span> <span class='ocrx_word' id='word_1_92' title='bbox 702 1299 847 1352; x_wconf 84' lang='lat' dir='ltr'><strong><em>domine?</em></strong></span> <span class='ocrx_word' id='word_1_93' title='bbox 860 1300 959 1353; x_wconf 86' lang='lat' dir='ltr'><strong><em>Putas</em></strong></span> <span class='ocrx_word' id='word_1_94' title='bbox 970 1301 1040 1353; x_wconf 89' lang='lat' dir='ltr'><strong><em>sine</em></strong></span> <span class='ocrx_word' id='word_1_95' title='bbox 1060 1314 1107 1354; x_wconf 91' lang='lat' dir='ltr'><strong><em>me</em></strong></span> <span class='ocrx_word' id='word_1_96' title='bbox 1125 1314 1279 1369; x_wconf 85' lang='lat' dir='ltr'><strong><em>quoquam</em></strong></span> <span class='ocrx_word' id='word_1_97' title='bbox 1286 1302 1385 1371; x_wconf 80' lang='lat' dir='ltr'><strong><em>profi·</em></strong></span> 
     </span>
     <span class='ocr_line' id='line_1_11' title="bbox 153 1399 1387 1466; baseline 0 -10"><span class='ocrx_word' id='word_1_98' title='bbox 153 1401 253 1456; x_wconf 77' lang='lat' dir='ltr'><strong><em>eiecit</em></strong></span> <span class='ocrx_word' id='word_1_99' title='bbox 282 1401 377 1455; x_wconf 80' lang='lat' dir='ltr'><strong><em>Absit.</em></strong></span> <span class='ocrx_word' id='word_1_100' title='bbox 416 1401 453 1453; x_wconf 86' lang='lat' dir='ltr'><strong><em>Te</em></strong></span> <span class='ocrx_word' id='word_1_101' title='bbox 481 1399 564 1453; x_wconf 90' lang='lat' dir='ltr'><strong><em>enim</em></strong></span> <span class='ocrx_word' id='word_1_102' title='bbox 593 1399 752 1453; x_wconf 75' lang='lat' dir='ltr'><strong><em>recedente</em></strong></span> <span class='ocrx_word' id='word_1_103' title='bbox 783 1399 934 1466; x_wconf 83' lang='lat' dir='ltr'><strong><em>recedam,</em></strong></span> <span class='ocrx_word' id='word_1_104' title='bbox 963 1402 991 1452; x_wconf 92' lang='lat' dir='ltr'><strong><em>te</em></strong></span> <span class='ocrx_word' id='word_1_105' title='bbox 1020 1401 1161 1453; x_wconf 84' lang='lat' dir='ltr'><strong><em>veniente</em></strong></span> <span class='ocrx_word' id='word_1_106' title='bbox 1194 1402 1326 1466; x_wconf 76' lang='lat' dir='ltr'><strong><em>neniam</em></strong></span> <span class='ocrx_word' id='word_1_107' title='bbox 1358 1405 1387 1456; x_wconf 89' lang='lat' dir='ltr'><strong><em>te</em></strong></span> 
     </span>
     <span class='ocr_line' id='line_1_12' title="bbox 153 1497 1385 1569; baseline 0.001 -15"><span class='ocrx_word' id='word_1_108' title='bbox 153 1501 328 1569; x_wconf 76' lang='lat' dir='ltr'><strong><em>quiescente</em></strong></span> <span class='ocrx_word' id='word_1_109' title='bbox 348 1499 514 1566; x_wconf 76' lang='lat' dir='ltr'><strong><em>quiescam.</em></strong></span> <span class='ocrx_word' id='word_1_110' title='bbox 538 1500 585 1551; x_wconf 85' lang='lat' dir='ltr'><strong><em>cui</em></strong></span> <span class='ocrx_word' id='word_1_111' title='bbox 607 1498 756 1550; x_wconf 89' lang='lat' dir='ltr'><strong><em>dominus:</em></strong></span> <span class='ocrx_word' id='word_1_112' title='bbox 779 1498 848 1551; x_wconf 86' lang='lat' dir='ltr'><strong><em>Non</em></strong></span> <span class='ocrx_word' id='word_1_113' title='bbox 868 1497 914 1551; x_wconf 86' lang='lat' dir='ltr'><strong><em>sic</em></strong></span> <span class='ocrx_word' id='word_1_114' title='bbox 934 1498 1008 1565; x_wconf 80' lang='lat' dir='ltr'><strong><em>fiet3</em></strong></span> <span class='ocrx_word' id='word_1_115' title='bbox 1030 1499 1085 1551; x_wconf 86' lang='lat' dir='ltr'><strong><em>sed</em></strong></span> <span class='ocrx_word' id='word_1_116' title='bbox 1097 1500 1226 1554; x_wconf 85' lang='lat' dir='ltr'><strong><em>vivendo</em></strong></span> <span class='ocrx_word' id='word_1_117' title='bbox 1238 1501 1385 1556; x_wconf 74' lang='lat' dir='ltr'><strong><em>deliciose</em></strong></span> 
     </span>
     <span class='ocr_line' id='line_1_13' title="bbox 153 1597 1387 1668; baseline -0.001 -12"><span class='ocrx_word' id='word_1_118' title='bbox 153 1601 239 1656; x_wconf 86' lang='lat' dir='ltr'><strong><em>domi</em></strong></span> <span class='ocrx_word' id='word_1_119' title='bbox 251 1602 389 1668; x_wconf 86' lang='lat' dir='ltr'><strong><em>quiesces</em></strong></span> <span class='ocrx_word' id='word_1_120' title='bbox 400 1603 429 1653; x_wconf 89' lang='lat' dir='ltr'><strong><em>et</em></strong></span> <span class='ocrx_word' id='word_1_121' title='bbox 437 1598 682 1666; x_wconf 73' lang='lat' dir='ltr'><strong><em>possessionibus</em></strong></span> <span class='ocrx_word' id='word_1_122' title='bbox 700 1597 816 1651; x_wconf 80' lang='lat' dir='ltr'><strong><em>nostris</em></strong></span> <span class='ocrx_word' id='word_1_123' title='bbox 828 1611 940 1651; x_wconf 82' lang='lat' dir='ltr'><strong><em>curam</em></strong></span> <span class='ocrx_word' id='word_1_124' title='bbox 958 1599 1126 1666; x_wconf 82' lang='lat' dir='ltr'><strong><em>impendes,</em></strong></span> <span class='ocrx_word' id='word_1_125' title='bbox 1140 1613 1180 1653; x_wconf 88' lang='lat' dir='ltr'><strong><em>ne</em></strong></span> <span class='ocrx_word' id='word_1_126' title='bbox 1196 1614 1244 1654; x_wconf 81' lang='lat' dir='ltr'><strong><em>nie</em></strong></span> <span class='ocrx_word' id='word_1_127' title='bbox 1263 1601 1387 1655; x_wconf 84' lang='lat' dir='ltr'><strong><em>absente</em></strong></span> 
     </span>
     <span class='ocr_line' id='line_1_14' title="bbox 154 1697 1385 1768; baseline -0.003 -13"><span class='ocrx_word' id='word_1_128' title='bbox 154 1702 273 1768; x_wconf 83' lang='lat' dir='ltr'><strong><em>aliquis</em></strong></span> <span class='ocrx_word' id='word_1_129' title='bbox 285 1698 653 1764; x_wconf 81' lang='lat' dir='ltr'><strong><em>nostroejurisdictionis</em></strong></span> <span class='ocrx_word' id='word_1_130' title='bbox 668 1697 817 1750; x_wconf 84' lang='lat' dir='ltr'><strong><em>terminos</em></strong></span> <span class='ocrx_word' id='word_1_131' title='bbox 826 1700 1012 1762; x_wconf 81' lang='lat' dir='ltr'><strong><em>praesumot</em></strong></span> <span class='ocrx_word' id='word_1_132' title='bbox 1028 1699 1244 1753; x_wconf 77' lang='lat' dir='ltr'><strong><em>euterminore</em></strong></span> <span class='ocrx_word' id='word_1_133' title='bbox 1259 1701 1309 1753; x_wconf 86' lang='lat' dir='ltr'><strong><em>vel</em></strong></span> <span class='ocrx_word' id='word_1_134' title='bbox 1326 1699 1385 1754; x_wconf 88' lang='lat' dir='ltr'><strong><em>oli-</em></strong></span> 
     </span>
     <span class='ocr_line' id='line_1_15' title="bbox 154 1779 1386 1869; baseline -0.003 -14"><span class='ocrx_word' id='word_1_135' title='bbox 154 1802 232 1869; x_wconf 82' lang='lat' dir='ltr'><strong><em>qnid</em></strong></span> <span class='ocrx_word' id='word_1_136' title='bbox 251 1803 360 1855; x_wconf 81' lang='lat' dir='ltr'><strong><em>contro</em></strong></span> <span class='ocrx_word' id='word_1_137' title='bbox 377 1801 561 1867; x_wconf 80' lang='lat' dir='ltr'><strong><em>potestatem</em></strong></span> <span class='ocrx_word' id='word_1_138' title='bbox 581 1802 723 1851; x_wconf 80' lang='lat' dir='ltr'><strong><em>nostram</em></strong></span> <span class='ocrx_word' id='word_1_139' title='bbox 749 1800 861 1849; x_wconf 82' lang='lat' dir='ltr'><strong><em>tenure</em></strong></span> <span class='ocrx_word' id='word_1_140' title='bbox 879 1810 1046 1864; x_wconf 70' lang='lat' dir='ltr'><strong><em>usurpare.</em></strong></span> <span class='ocrx_word' id='word_1_141' title='bbox 1072 1797 1291 1852; x_wconf 71' lang='lat' dir='ltr'><strong><em>marasmon</em></strong></span> <span class='ocrx_word' id='word_1_142' title='bbox 1312 1779 1386 1851; x_wconf 80' lang='lat' dir='ltr'><strong><em>sunt</em></strong></span> 
     </span>
     <span class='ocr_line' id='line_1_16' title="bbox 154 1896 1382 1965; baseline -0.002 -11"><span class='ocrx_word' id='word_1_143' title='bbox 154 1903 279 1954; x_wconf 84' lang='lat' dir='ltr'><strong><em>tractus</em></strong></span> <span class='ocrx_word' id='word_1_144' title='bbox 292 1900 417 1952; x_wconf 81' lang='lat' dir='ltr'><strong><em>olorum</em></strong></span> <span class='ocrx_word' id='word_1_145' title='bbox 430 1901 459 1951; x_wconf 91' lang='lat' dir='ltr'><strong><em>et</em></strong></span> <span class='ocrx_word' id='word_1_146' title='bbox 473 1897 602 1965; x_wconf 80' lang='lat' dir='ltr'><strong><em>infinito</em></strong></span> <span class='ocrx_word' id='word_1_147' title='bbox 615 1897 717 1950; x_wconf 81' lang='lat' dir='ltr'><strong><em>moris</em></strong></span> <span class='ocrx_word' id='word_1_148' title='bbox 735 1896 888 1963; x_wconf 74' lang='lat' dir='ltr'><strong><em>periculi,</em></strong></span> <span class='ocrx_word' id='word_1_149' title='bbox 903 1899 932 1948; x_wconf 91' lang='grc'><strong><em>01</em></strong></span> <span class='ocrx_word' id='word_1_150' title='bbox 949 1909 1020 1950; x_wconf 92' lang='lat' dir='ltr'><strong><em>cum</em></strong></span> <span class='ocrx_word' id='word_1_151' title='bbox 1032 1897 1077 1950; x_wconf 88' lang='lat' dir='ltr'><strong><em>sis</em></strong></span> <span class='ocrx_word' id='word_1_152' title='bbox 1089 1897 1255 1951; x_wconf 85' lang='lat' dir='ltr'><strong><em>imbecillis</em></strong></span> <span class='ocrx_word' id='word_1_153' title='bbox 1266 1900 1297 1951; x_wconf 88' lang='lat' dir='ltr'><strong><em>et</em></strong></span> <span class='ocrx_word' id='word_1_154' title='bbox 1311 1910 1382 1965; x_wconf 79' lang='lat' dir='ltr'><strong><em>pro·</em></strong></span> 
     </span>
     <span class='ocr_line' id='line_1_17' title="bbox 152 1995 1382 2065; baseline -0.004 -12"><span class='ocrx_word' id='word_1_155' title='bbox 152 1999 240 2065; x_wconf 84' lang='lat' dir='ltr'><strong><em>nida,</em></strong></span> <span class='ocrx_word' id='word_1_156' title='bbox 254 1999 293 2051; x_wconf 87' lang='lat' dir='ltr'><strong><em>de</em></strong></span> <span class='ocrx_word' id='word_1_157' title='bbox 302 1997 404 2065; x_wconf 85' lang='lat' dir='ltr'><strong><em>facili,</em></strong></span> <span class='ocrx_word' id='word_1_158' title='bbox 417 1997 498 2064; x_wconf 87' lang='lat' dir='ltr'><strong><em>qnod</em></strong></span> <span class='ocrx_word' id='word_1_159' title='bbox 510 1996 601 2057; x_wconf 85' lang='lat' dir='ltr'><strong><em>obsit,</em></strong></span> <span class='ocrx_word' id='word_1_160' title='bbox 609 2009 718 2062; x_wconf 87' lang='lat' dir='ltr'><strong><em>posses</em></strong></span> <span class='ocrx_word' id='word_1_161' title='bbox 733 1995 927 2062; x_wconf 80' lang='lat' dir='ltr'><strong><em>periclitari.</em></strong></span> <span class='ocrx_word' id='word_1_162' title='bbox 950 1999 1066 2050; x_wconf 82' lang='lat' dir='ltr'><strong><em>licentra</em></strong></span> <span class='ocrx_word' id='word_1_163' title='bbox 1086 1998 1185 2050; x_wconf 90' lang='lat' dir='ltr'><strong><em>mulier</em></strong></span> <span class='ocrx_word' id='word_1_164' title='bbox 1197 1998 1280 2051; x_wconf 87' lang='lat' dir='ltr'><strong><em>instat</em></strong></span> <span class='ocrx_word' id='word_1_165' title='bbox 1291 1997 1382 2063; x_wconf 83' lang='lat' dir='ltr'><strong><em>anxia,</em></strong></span> 
     </span>
     <span class='ocr_line' id='line_1_18' title="bbox 153 2096 1384 2165; baseline -0.001 -13"><span class='ocrx_word' id='word_1_166' title='bbox 153 2099 306 2153; x_wconf 79' lang='lat' dir='ltr'><strong><em>femineum</em></strong></span> <span class='ocrx_word' id='word_1_167' title='bbox 319 2111 370 2151; x_wconf 91' lang='lat' dir='ltr'><strong><em>nec</em></strong></span> <span class='ocrx_word' id='word_1_168' title='bbox 383 2103 491 2150; x_wconf 77' lang='grc'><strong>1111110110</strong></span> <span class='ocrx_word' id='word_1_169' title='bbox 504 2096 605 2148; x_wconf 84' lang='lat' dir='ltr'><strong><em>semina</em></strong></span> <span class='ocrx_word' id='word_1_170' title='bbox 619 2102 734 2155; x_wconf 91' lang='lat' dir='ltr'><strong><em>motum,</em></strong></span> <span class='ocrx_word' id='word_1_171' title='bbox 749 2096 844 2148; x_wconf 89' lang='lat' dir='ltr'><strong><em>nititur</em></strong></span> <span class='ocrx_word' id='word_1_172' title='bbox 862 2097 891 2147; x_wconf 93' lang='lat' dir='ltr'><strong><em>in</em></strong></span> <span class='ocrx_word' id='word_1_173' title='bbox 904 2097 1036 2162; x_wconf 81' lang='lat' dir='ltr'><strong><em>vetitum3</em></strong></span> <span class='ocrx_word' id='word_1_174' title='bbox 1056 2104 1083 2149; x_wconf 93' lang='lat' dir='ltr'><strong><em>et</em></strong></span> <span class='ocrx_word' id='word_1_175' title='bbox 1096 2097 1213 2163; x_wconf 89' lang='lat' dir='ltr'><strong><em>pedibus</em></strong></span> <span class='ocrx_word' id='word_1_176' title='bbox 1225 2099 1274 2151; x_wconf 87' lang='lat' dir='ltr'><strong><em>viri</em></strong></span> <span class='ocrx_word' id='word_1_177' title='bbox 1288 2110 1384 2165; x_wconf 88' lang='lat' dir='ltr'><strong><em>provo·</em></strong></span> 
     </span>
     <span class='ocr_line' id='line_1_19' title="bbox 152 2193 1383 2260; baseline 0.001 -11"><span class='ocrx_word' id='word_1_178' title='bbox 152 2197 221 2260; x_wconf 90' lang='lat' dir='ltr'><strong><em>luta,</em></strong></span> <span class='ocrx_word' id='word_1_179' title='bbox 235 2195 358 2249; x_wconf 82' lang='lat' dir='ltr'><strong><em>lacrimis</em></strong></span> <span class='ocrx_word' id='word_1_180' title='bbox 370 2196 485 2258; x_wconf 90' lang='lat' dir='ltr'><strong><em>obortis,</em></strong></span> <span class='ocrx_word' id='word_1_181' title='bbox 499 2208 548 2247; x_wconf 88' lang='lat' dir='ltr'><strong><em>ceu</em></strong></span> <span class='ocrx_word' id='word_1_182' title='bbox 561 2208 620 2247; x_wconf 86' lang='grc'><strong>11100</strong></span> <span class='ocrx_word' id='word_1_183' title='bbox 633 2199 675 2246; x_wconf 83' lang='grc'><strong><em>001</em></strong></span> <span class='ocrx_word' id='word_1_184' title='bbox 687 2193 846 2257; x_wconf 83' lang='lat' dir='ltr'><strong><em>mulierum,</em></strong></span> <span class='ocrx_word' id='word_1_185' title='bbox 860 2194 971 2245; x_wconf 88' lang='lat' dir='ltr'><strong><em>tandem</em></strong></span> <span class='ocrx_word' id='word_1_186' title='bbox 989 2194 1121 2247; x_wconf 81' lang='lat' dir='ltr'><strong><em>obtinuit.</em></strong></span> <span class='ocrx_word' id='word_1_187' title='bbox 1135 2196 1281 2248; x_wconf 86' lang='lat' dir='ltr'><strong><em>Venientes</em></strong></span> <span class='ocrx_word' id='word_1_188' title='bbox 1292 2203 1383 2250; x_wconf 91' lang='lat' dir='ltr'><strong><em>autem</em></strong></span> 
     </span>
     <span class='ocr_line' id='line_1_20' title="bbox 151 2292 1382 2363; baseline -0.002 -15"><span class='ocrx_word' id='word_1_189' title='bbox 151 2295 189 2349; x_wconf 91' lang='lat' dir='ltr'><strong><em>ad</em></strong></span> <span class='ocrx_word' id='word_1_190' title='bbox 201 2297 313 2348; x_wconf 87' lang='lat' dir='ltr'><strong><em>llariam</em></strong></span> <span class='ocrx_word' id='word_1_191' title='bbox 326 2294 522 2363; x_wconf 71' lang='lat' dir='ltr'><strong><em>magdalenam,</em></strong></span> <span class='ocrx_word' id='word_1_192' title='bbox 542 2301 629 2347; x_wconf 89' lang='lat' dir='ltr'><strong><em>terras</em></strong></span> <span class='ocrx_word' id='word_1_193' title='bbox 641 2301 669 2346; x_wconf 89' lang='lat' dir='ltr'><strong><em>et</em></strong></span> <span class='ocrx_word' id='word_1_194' title='bbox 688 2293 878 2359; x_wconf 90' lang='lat' dir='ltr'><strong><em>possessiones</em></strong></span> <span class='ocrx_word' id='word_1_195' title='bbox 900 2305 964 2344; x_wconf 89' lang='lat' dir='ltr'><strong><em>suas</em></strong></span> <span class='ocrx_word' id='word_1_196' title='bbox 985 2292 1086 2345; x_wconf 78' lang='lat' dir='ltr'><strong><em>tutelae</em></strong></span> <span class='ocrx_word' id='word_1_197' title='bbox 1098 2304 1163 2346; x_wconf 87' lang='lat' dir='ltr'><strong><em>suae</em></strong></span> <span class='ocrx_word' id='word_1_198' title='bbox 1176 2295 1382 2349; x_wconf 91' lang='lat' dir='ltr'><strong><em>commiserunt.</em></strong></span> 
     </span>
     <span class='ocr_line' id='line_1_21' title="bbox 151 2391 1383 2462; baseline 0 -14"><span class='ocrx_word' id='word_1_199' title='bbox 151 2396 238 2448; x_wconf 82' lang='lat' dir='ltr'><strong><em>ilaria</em></strong></span> <span class='ocrx_word' id='word_1_200' title='bbox 249 2409 316 2448; x_wconf 83' lang='lat' dir='ltr'><strong><em>vero</em></strong></span> <span class='ocrx_word' id='word_1_201' title='bbox 328 2395 437 2462; x_wconf 82' lang='lat' dir='ltr'><strong><em>signum</em></strong></span> <span class='ocrx_word' id='word_1_202' title='bbox 449 2398 559 2447; x_wconf 88' lang='lat' dir='ltr'><strong><em>sanctae</em></strong></span> <span class='ocrx_word' id='word_1_203' title='bbox 571 2394 660 2446; x_wconf 88' lang='lat' dir='ltr'><strong><em>crucis</em></strong></span> <span class='ocrx_word' id='word_1_204' title='bbox 681 2393 804 2444; x_wconf 87' lang='lat' dir='ltr'><strong><em>humeris</em></strong></span> <span class='ocrx_word' id='word_1_205' title='bbox 816 2405 913 2443; x_wconf 91' lang='lat' dir='ltr'><strong><em>eorum</em></strong></span> <span class='ocrx_word' id='word_1_206' title='bbox 931 2391 1000 2443; x_wconf 87' lang='lat' dir='ltr'><strong><em>mira</em></strong></span> <span class='ocrx_word' id='word_1_207' title='bbox 1011 2391 1182 2457; x_wconf 85' lang='lat' dir='ltr'><strong><em>prouidentia</em></strong></span> <span class='ocrx_word' id='word_1_208' title='bbox 1194 2394 1333 2460; x_wconf 86' lang='lat' dir='ltr'><strong><em>imposuit,</em></strong></span> <span class='ocrx_word' id='word_1_209' title='bbox 1348 2409 1383 2449; x_wconf 94' lang='lat' dir='ltr'><strong><em>ne</em></strong></span> 
     </span>
     <span class='ocr_line' id='line_1_22' title="bbox 152 2490 1383 2560; baseline -0.001 -12"><span class='ocrx_word' id='word_1_210' title='bbox 152 2494 201 2548; x_wconf 91' lang='lat' dir='ltr'><strong><em>ille</em></strong></span> <span class='ocrx_word' id='word_1_211' title='bbox 219 2494 336 2547; x_wconf 87' lang='lat' dir='ltr'><strong><em>callidus</em></strong></span> <span class='ocrx_word' id='word_1_212' title='bbox 350 2498 495 2560; x_wconf 90' lang='lat' dir='ltr'><strong><em>temptator</em></strong></span> <span class='ocrx_word' id='word_1_213' title='bbox 514 2493 600 2545; x_wconf 89' lang='lat' dir='ltr'><strong><em>bostis</em></strong></span> <span class='ocrx_word' id='word_1_214' title='bbox 612 2493 663 2544; x_wconf 88' lang='lat' dir='ltr'><strong><em>iter</em></strong></span> <span class='ocrx_word' id='word_1_215' title='bbox 680 2490 753 2556; x_wconf 86' lang='lat' dir='ltr'><strong><em>quod</em></strong></span> <span class='ocrx_word' id='word_1_216' title='bbox 775 2492 935 2556; x_wconf 88' lang='lat' dir='ltr'><strong><em>inceperant</em></strong></span> <span class='ocrx_word' id='word_1_217' title='bbox 956 2491 1047 2557; x_wconf 88' lang='lat' dir='ltr'><strong><em>aliqua</em></strong></span> <span class='ocrx_word' id='word_1_218' title='bbox 1069 2493 1247 2557; x_wconf 90' lang='lat' dir='ltr'><strong><em>temptatione</em></strong></span> <span class='ocrx_word' id='word_1_219' title='bbox 1257 2507 1383 2559; x_wconf 86' lang='lat' dir='ltr'><strong><em>perversa</em></strong></span> 
     </span>
     <span class='ocr_line' id='line_1_23' title="bbox 150 2588 1386 2659; baseline -0.002 -11"><span class='ocrx_word' id='word_1_220' title='bbox 150 2595 314 2659; x_wconf 81' lang='lat' dir='ltr'><strong><em>diverteret,</em></strong></span> <span class='ocrx_word' id='word_1_221' title='bbox 327 2591 496 2645; x_wconf 83' lang='lat' dir='ltr'><strong><em>sufficienter</em></strong></span> <span class='ocrx_word' id='word_1_222' title='bbox 508 2604 555 2644; x_wconf 90' lang='lat' dir='ltr'><strong><em>eos</em></strong></span> <span class='ocrx_word' id='word_1_223' title='bbox 568 2591 686 2643; x_wconf 88' lang='lat' dir='ltr'><strong><em>edocens</em></strong></span> <span class='ocrx_word' id='word_1_224' title='bbox 699 2588 773 2655; x_wconf 86' lang='lat' dir='ltr'><strong><em>quod</em></strong></span> <span class='ocrx_word' id='word_1_225' title='bbox 787 2592 865 2641; x_wconf 88' lang='lat' dir='ltr'><strong><em>Petro</em></strong></span> <span class='ocrx_word' id='word_1_226' title='bbox 875 2590 1064 2655; x_wconf 90' lang='lat' dir='ltr'><strong><em>apostolorum</em></strong></span> <span class='ocrx_word' id='word_1_227' title='bbox 1074 2591 1199 2656; x_wconf 81' lang='lat' dir='ltr'><strong><em>principe</em></strong></span> <span class='ocrx_word' id='word_1_228' title='bbox 1211 2591 1281 2645; x_wconf 89' lang='lat' dir='ltr'><strong><em>duce</em></strong></span> <span class='ocrx_word' id='word_1_229' title='bbox 1292 2595 1386 2645; x_wconf 88' lang='lat' dir='ltr'><strong><em>omnia</em></strong></span> 
     </span>
     <span class='ocr_line' id='line_1_24' title="bbox 150 2689 1386 2764; baseline -0.004 -14"><span class='ocrx_word' id='word_1_230' title='bbox 150 2708 226 2764; x_wconf 86' lang='lat' dir='ltr'><strong><em>quae</em></strong></span> <span class='ocrx_word' id='word_1_231' title='bbox 248 2695 288 2747; x_wconf 88' lang='lat' dir='ltr'><strong><em>eis</em></strong></span> <span class='ocrx_word' id='word_1_232' title='bbox 308 2693 414 2746; x_wconf 81' lang='lat' dir='ltr'><strong><em>dixerat</em></strong></span> <span class='ocrx_word' id='word_1_233' title='bbox 434 2691 468 2743; x_wconf 87' lang='lat' dir='ltr'><strong><em>de</em></strong></span> <span class='ocrx_word' id='word_1_234' title='bbox 489 2691 603 2744; x_wconf 88' lang='lat' dir='ltr'><strong><em>bomino</em></strong></span> <span class='ocrx_word' id='word_1_235' title='bbox 624 2691 689 2742; x_wconf 90' lang='lat' dir='ltr'><strong><em>lesu</em></strong></span> <span class='ocrx_word' id='word_1_236' title='bbox 710 2689 737 2740; x_wconf 94' lang='lat' dir='ltr'><strong><em>in</em></strong></span> <span class='ocrx_word' id='word_1_237' title='bbox 759 2689 884 2741; x_wconf 85' lang='lat' dir='ltr'><strong><em>notitiam</em></strong></span> <span class='ocrx_word' id='word_1_238' title='bbox 905 2690 1047 2743; x_wconf 86' lang='lat' dir='ltr'><strong><em>cederent.</em></strong></span> <span class='ocrx_word' id='word_1_239' title='bbox 1061 2691 1103 2743; x_wconf 91' lang='lat' dir='ltr'><strong><em>llli</em></strong></span> <span class='ocrx_word' id='word_1_240' title='bbox 1121 2697 1333 2758; x_wconf 85' lang='lat' dir='ltr'><strong><em>consequenter,</em></strong></span> <span class='ocrx_word' id='word_1_241' title='bbox 1347 2693 1386 2745; x_wconf 86' lang='lat' dir='ltr'><strong><em>sie</em></strong></span> 
     </span>
     <span class='ocr_line' id='line_1_25' title="bbox 151 2787 1387 2863; baseline -0.003 -15"><span class='ocrx_word' id='word_1_242' title='bbox 151 2795 256 2863; x_wconf 77' lang='lat' dir='ltr'><strong><em>signati</em></strong></span> <span class='ocrx_word' id='word_1_243' title='bbox 269 2799 297 2846; x_wconf 93' lang='lat' dir='ltr'><strong><em>et</em></strong></span> <span class='ocrx_word' id='word_1_244' title='bbox 311 2791 467 2845; x_wconf 85' lang='lat' dir='ltr'><strong><em>hortamine</em></strong></span> <span class='ocrx_word' id='word_1_245' title='bbox 486 2792 602 2842; x_wconf 85' lang='lat' dir='ltr'><strong><em>honesto</em></strong></span> <span class='ocrx_word' id='word_1_246' title='bbox 622 2788 791 2841; x_wconf 81' lang='lat' dir='ltr'><strong><em>sufficienter</em></strong></span> <span class='ocrx_word' id='word_1_247' title='bbox 812 2787 960 2855; x_wconf 81' lang='lat' dir='ltr'><strong><em>informati,</em></strong></span> <span class='ocrx_word' id='word_1_248' title='bbox 981 2790 1103 2843; x_wconf 88' lang='lat' dir='ltr'><strong><em>oneratis</em></strong></span> <span class='ocrx_word' id='word_1_249' title='bbox 1127 2790 1265 2858; x_wconf 84' lang='lat' dir='ltr'><strong><em>plerisque</em></strong></span> <span class='ocrx_word' id='word_1_250' title='bbox 1285 2792 1387 2859; x_wconf 78' lang='lat' dir='ltr'><strong><em>gerulis</em></strong></span> 
     </span>
     <span class='ocr_line' id='line_1_26' title="bbox 151 2887 1385 2959; baseline -0.003 -13"><span class='ocrx_word' id='word_1_251' title='bbox 151 2906 222 2946; x_wconf 89' lang='lat' dir='ltr'><strong><em>auro</em></strong></span> <span class='ocrx_word' id='word_1_252' title='bbox 234 2898 264 2945; x_wconf 90' lang='lat' dir='ltr'><strong><em>et</em></strong></span> <span class='ocrx_word' id='word_1_253' title='bbox 274 2897 388 2959; x_wconf 74' lang='lat' dir='ltr'><strong><em>argento</em></strong></span> <span class='ocrx_word' id='word_1_254' title='bbox 401 2895 427 2943; x_wconf 91' lang='lat' dir='ltr'><strong><em>et</em></strong></span> <span class='ocrx_word' id='word_1_255' title='bbox 438 2890 664 2942; x_wconf 84' lang='lat' dir='ltr'><strong><em>vestimentorum</em></strong></span> <span class='ocrx_word' id='word_1_256' title='bbox 677 2887 842 2951; x_wconf 83' lang='lat' dir='ltr'><strong><em>mutatoriis,</em></strong></span> <span class='ocrx_word' id='word_1_257' title='bbox 857 2887 980 2953; x_wconf 81' lang='lat' dir='ltr'><strong><em>proiecti,</em></strong></span> <span class='ocrx_word' id='word_1_258' title='bbox 993 2888 1119 2953; x_wconf 87' lang='lat' dir='ltr'><strong><em>pactione</em></strong></span> <span class='ocrx_word' id='word_1_259' title='bbox 1130 2890 1197 2941; x_wconf 91' lang='lat' dir='ltr'><strong><em>inita</em></strong></span> <span class='ocrx_word' id='word_1_260' title='bbox 1207 2903 1270 2942; x_wconf 89' lang='lat' dir='ltr'><strong><em>eum</em></strong></span> <span class='ocrx_word' id='word_1_261' title='bbox 1285 2891 1385 2954; x_wconf 89' lang='lat' dir='ltr'><strong><em>nautis,</em></strong></span> 
     </span>
     <span class='ocr_line' id='line_1_27' title="bbox 153 2985 1387 3058; baseline -0.003 -14"><span class='ocrx_word' id='word_1_262' title='bbox 153 3004 253 3044; x_wconf 84' lang='lat' dir='ltr'><strong><em>nauem</em></strong></span> <span class='ocrx_word' id='word_1_263' title='bbox 267 2989 382 3058; x_wconf 82' lang='lat' dir='ltr'><strong><em>ingressi</em></strong></span> <span class='ocrx_word' id='word_1_264' title='bbox 398 2994 470 3040; x_wconf 89' lang='lat' dir='ltr'><strong><em>sunt.</em></strong></span> <span class='ocrx_word' id='word_1_265' title='bbox 485 2987 609 3039; x_wconf 81' lang='grc'><strong>1111101011</strong></span> <span class='ocrx_word' id='word_1_266' title='bbox 623 2999 697 3052; x_wconf 83' lang='grc'><strong>1010,</strong></span> <span class='ocrx_word' id='word_1_267' title='bbox 709 2985 883 3050; x_wconf 89' lang='lat' dir='ltr'><strong><em>rudentibus,</em></strong></span> <span class='ocrx_word' id='word_1_268' title='bbox 894 2987 1031 3038; x_wconf 85' lang='lat' dir='ltr'><strong><em>antemnis</em></strong></span> <span class='ocrx_word' id='word_1_269' title='bbox 1044 2987 1197 3054; x_wconf 87' lang='lat' dir='ltr'><strong><em>ceterisque</em></strong></span> <span class='ocrx_word' id='word_1_270' title='bbox 1210 2989 1285 3041; x_wconf 89' lang='lat' dir='ltr'><strong><em>navis</em></strong></span> <span class='ocrx_word' id='word_1_271' title='bbox 1298 3001 1387 3041; x_wconf 90' lang='lat' dir='ltr'><strong><em>arma·</em></strong></span> 
     </span>
     <span class='ocr_line' id='line_1_28' title="bbox 155 3085 1100 3154; baseline -0.005 -12"><span class='ocrx_word' id='word_1_272' title='bbox 155 3090 258 3142; x_wconf 89' lang='lat' dir='ltr'><strong><em>mentis</em></strong></span> <span class='ocrx_word' id='word_1_273' title='bbox 269 3088 419 3154; x_wconf 86' lang='lat' dir='ltr'><strong><em>dispositis,</em></strong></span> <span class='ocrx_word' id='word_1_274' title='bbox 433 3088 554 3139; x_wconf 92' lang='lat' dir='ltr'><strong><em>carinam</em></strong></span> <span class='ocrx_word' id='word_1_275' title='bbox 566 3086 703 3151; x_wconf 83' lang='lat' dir='ltr'><strong><em>fluctibus,</em></strong></span> <span class='ocrx_word' id='word_1_276' title='bbox 717 3085 829 3137; x_wconf 87' lang='lat' dir='ltr'><strong><em>carbasa</em></strong></span> <span class='ocrx_word' id='word_1_277' title='bbox 842 3085 931 3136; x_wconf 84' lang='lat' dir='ltr'><strong><em>ventis</em></strong></span> <span class='ocrx_word' id='word_1_278' title='bbox 944 3085 1100 3150; x_wconf 87' lang='lat' dir='ltr'><strong><em>imponunt.</em></strong></span> 
     </span>
    </p>

    <p class='ocr_par' dir='ltr' id='par_1_4' title="bbox 154 3181 1436 4646">
     <span class='ocr_line' id='line_1_29' title="bbox 188 3181 1388 3253; baseline -0.002 -13"><span class='ocrx_word' id='word_1_279' title='bbox 188 3188 220 3240; x_wconf 80' lang='lat'><strong><em>5.</em></strong></span> <span class='ocrx_word' id='word_1_280' title='bbox 233 3189 404 3253; x_wconf 74' lang='lat' dir='ltr'><strong><em>lamiamque</em></strong></span> <span class='ocrx_word' id='word_1_281' title='bbox 421 3199 503 3239; x_wconf 87' lang='lat' dir='ltr'><strong><em>cursu</em></strong></span> <span class='ocrx_word' id='word_1_282' title='bbox 516 3186 600 3237; x_wconf 90' lang='lat' dir='ltr'><strong><em>unius</em></strong></span> <span class='ocrx_word' id='word_1_283' title='bbox 610 3184 664 3236; x_wconf 84' lang='lat' dir='ltr'><strong><em>diei</em></strong></span> <span class='ocrx_word' id='word_1_284' title='bbox 683 3191 709 3237; x_wconf 90' lang='lat' dir='ltr'><strong><em>et</em></strong></span> <span class='ocrx_word' id='word_1_285' title='bbox 727 3185 816 3236; x_wconf 87' lang='lat' dir='ltr'><strong><em>noctis</em></strong></span> <span class='ocrx_word' id='word_1_286' title='bbox 833 3181 996 3235; x_wconf 80' lang='lat' dir='ltr'><strong><em>velificando</em></strong></span> <span class='ocrx_word' id='word_1_287' title='bbox 1009 3190 1210 3250; x_wconf 86' lang='lat' dir='ltr'><strong><em>consummato,</em></strong></span> <span class='ocrx_word' id='word_1_288' title='bbox 1223 3187 1313 3253; x_wconf 89' lang='lat' dir='ltr'><strong><em>coepit</em></strong></span> <span class='ocrx_word' id='word_1_289' title='bbox 1325 3199 1388 3240; x_wconf 83' lang='lat' dir='ltr'><strong><em>ven·</em></strong></span> 
     </span>
     <span class='ocr_line' id='line_1_30' title="bbox 155 3280 1387 3352; baseline -0.002 -13"><span class='ocrx_word' id='word_1_290' title='bbox 155 3293 201 3340; x_wconf 90' lang='lat' dir='ltr'><strong><em>tus</em></strong></span> <span class='ocrx_word' id='word_1_291' title='bbox 214 3287 397 3339; x_wconf 86' lang='lat' dir='ltr'><strong><em>intumescere</em></strong></span> <span class='ocrx_word' id='word_1_292' title='bbox 417 3290 444 3337; x_wconf 90' lang='lat' dir='ltr'><strong><em>et</em></strong></span> <span class='ocrx_word' id='word_1_293' title='bbox 465 3283 602 3336; x_wconf 89' lang='lat' dir='ltr'><strong><em>undarum</em></strong></span> <span class='ocrx_word' id='word_1_294' title='bbox 623 3283 747 3335; x_wconf 86' lang='lat' dir='ltr'><strong><em>ebullitio</em></strong></span> <span class='ocrx_word' id='word_1_295' title='bbox 770 3281 927 3348; x_wconf 80' lang='lat' dir='ltr'><strong><em>pervarias</em></strong></span> <span class='ocrx_word' id='word_1_296' title='bbox 947 3280 1054 3334; x_wconf 83' lang='lat' dir='ltr'><strong><em>afflatus</em></strong></span> <span class='ocrx_word' id='word_1_297' title='bbox 1074 3283 1199 3348; x_wconf 88' lang='lat' dir='ltr'><strong><em>ebullire,</em></strong></span> <span class='ocrx_word' id='word_1_298' title='bbox 1221 3285 1258 3338; x_wconf 92' lang='lat' dir='ltr'><strong><em>ita</em></strong></span> <span class='ocrx_word' id='word_1_299' title='bbox 1270 3283 1345 3352; x_wconf 87' lang='lat' dir='ltr'><strong><em>quod</em></strong></span> <span class='ocrx_word' id='word_1_300' title='bbox 1358 3286 1387 3339; x_wconf 92' lang='lat' dir='ltr'><strong><em>in</em></strong></span> 
     </span>
     <span class='ocr_line' id='line_1_31' title="bbox 154 3381 1386 3448; baseline -0.002 -8"><span class='ocrx_word' id='word_1_301' title='bbox 154 3387 231 3440; x_wconf 87' lang='lat' dir='ltr'><strong><em>brevi</em></strong></span> <span class='ocrx_word' id='word_1_302' title='bbox 245 3386 364 3437; x_wconf 87' lang='lat' dir='ltr'><strong><em>maxima</em></strong></span> <span class='ocrx_word' id='word_1_303' title='bbox 385 3387 531 3448; x_wconf 89' lang='lat' dir='ltr'><strong><em>tempestas</em></strong></span> <span class='ocrx_word' id='word_1_304' title='bbox 556 3383 682 3435; x_wconf 89' lang='lat' dir='ltr'><strong><em>inoleret.</em></strong></span> <span class='ocrx_word' id='word_1_305' title='bbox 706 3382 870 3434; x_wconf 84' lang='lat' dir='ltr'><strong><em>Praesertim</em></strong></span> <span class='ocrx_word' id='word_1_306' title='bbox 892 3381 1054 3447; x_wconf 88' lang='lat' dir='ltr'><strong><em>omnesqui</em></strong></span> <span class='ocrx_word' id='word_1_307' title='bbox 1077 3381 1201 3448; x_wconf 88' lang='lat' dir='ltr'><strong><em>aderant,</em></strong></span> <span class='ocrx_word' id='word_1_308' title='bbox 1225 3388 1279 3436; x_wconf 91' lang='lat' dir='ltr'><strong><em>tam</em></strong></span> <span class='ocrx_word' id='word_1_309' title='bbox 1306 3397 1386 3437; x_wconf 87' lang='lat' dir='ltr'><strong><em>saeva</em></strong></span> 
     </span>
     <span class='ocr_line' id='line_1_32' title="bbox 155 3480 1389 3549; baseline -0.002 -10"><span class='ocrx_word' id='word_1_310' title='bbox 155 3486 293 3540; x_wconf 77' lang='lat' dir='ltr'><strong><em>fluctuum</em></strong></span> <span class='ocrx_word' id='word_1_311' title='bbox 313 3484 494 3536; x_wconf 88' lang='lat' dir='ltr'><strong><em>inundatione</em></strong></span> <span class='ocrx_word' id='word_1_312' title='bbox 511 3483 641 3549; x_wconf 86' lang='lat' dir='ltr'><strong><em>quassati,</em></strong></span> <span class='ocrx_word' id='word_1_313' title='bbox 663 3480 833 3548; x_wconf 82' lang='lat' dir='ltr'><strong><em>gravissimis</em></strong></span> <span class='ocrx_word' id='word_1_314' title='bbox 854 3481 1023 3548; x_wconf 80' lang='lat' dir='ltr'><strong><em>urgebantur</em></strong></span> <span class='ocrx_word' id='word_1_315' title='bbox 1045 3481 1189 3549; x_wconf 72' lang='lat' dir='ltr'><strong><em>angustiis</em></strong></span> <span class='ocrx_word' id='word_1_316' title='bbox 1213 3487 1239 3535; x_wconf 89' lang='lat' dir='ltr'><strong><em>et</em></strong></span> <span class='ocrx_word' id='word_1_317' title='bbox 1263 3489 1389 3536; x_wconf 89' lang='lat' dir='ltr'><strong><em>matrona</em></strong></span> 
     </span>
     <span class='ocr_line' id='line_1_33' title="bbox 156 3581 1388 3651; baseline -0.002 -13"><span class='ocrx_word' id='word_1_318' title='bbox 156 3587 286 3651; x_wconf 86' lang='lat' dir='ltr'><strong><em>maxime,</em></strong></span> <span class='ocrx_word' id='word_1_319' title='bbox 300 3584 446 3636; x_wconf 89' lang='lat' dir='ltr'><strong><em>imbecillis</em></strong></span> <span class='ocrx_word' id='word_1_320' title='bbox 459 3589 486 3634; x_wconf 92' lang='lat' dir='ltr'><strong><em>et</em></strong></span> <span class='ocrx_word' id='word_1_321' title='bbox 496 3581 619 3650; x_wconf 78' lang='lat' dir='ltr'><strong><em>gravida,</em></strong></span> <span class='ocrx_word' id='word_1_322' title='bbox 634 3594 704 3647; x_wconf 84' lang='lat' dir='ltr'><strong><em>quae</em></strong></span> <span class='ocrx_word' id='word_1_323' title='bbox 718 3582 746 3632; x_wconf 93' lang='lat' dir='ltr'><strong><em>in</em></strong></span> <span class='ocrx_word' id='word_1_324' title='bbox 759 3586 865 3632; x_wconf 91' lang='lat' dir='ltr'><strong><em>tantum</em></strong></span> <span class='ocrx_word' id='word_1_325' title='bbox 883 3586 992 3647; x_wconf 78' lang='lat' dir='ltr'><strong><em>gravata</em></strong></span> <span class='ocrx_word' id='word_1_326' title='bbox 1011 3587 1053 3633; x_wconf 90' lang='lat' dir='ltr'><strong><em>est</em></strong></span> <span class='ocrx_word' id='word_1_327' title='bbox 1066 3587 1095 3632; x_wconf 93' lang='lat' dir='ltr'><strong><em>ut</em></strong></span> <span class='ocrx_word' id='word_1_328' title='bbox 1108 3584 1201 3647; x_wconf 85' lang='lat' dir='ltr'><strong><em>partus</em></strong></span> <span class='ocrx_word' id='word_1_329' title='bbox 1214 3583 1255 3634; x_wconf 91' lang='lat' dir='ltr'><strong><em>sui</em></strong></span> <span class='ocrx_word' id='word_1_330' title='bbox 1266 3589 1388 3649; x_wconf 88' lang='lat' dir='ltr'><strong><em>tempora</em></strong></span> 
     </span>
     <span class='ocr_line' id='line_1_34' title="bbox 156 3680 1389 3751; baseline -0.003 -13"><span class='ocrx_word' id='word_1_331' title='bbox 156 3685 292 3751; x_wconf 83' lang='lat' dir='ltr'><strong><em>expleret,</em></strong></span> <span class='ocrx_word' id='word_1_332' title='bbox 306 3683 376 3734; x_wconf 91' lang='lat' dir='ltr'><strong><em>inter</em></strong></span> <span class='ocrx_word' id='word_1_333' title='bbox 387 3682 497 3734; x_wconf 89' lang='lat' dir='ltr'><strong><em>dolores</em></strong></span> <span class='ocrx_word' id='word_1_334' title='bbox 511 3680 615 3730; x_wconf 84' lang='lat' dir='ltr'><strong><em>ventris</em></strong></span> <span class='ocrx_word' id='word_1_335' title='bbox 626 3684 653 3730; x_wconf 89' lang='lat' dir='ltr'><strong><em>et</em></strong></span> <span class='ocrx_word' id='word_1_336' title='bbox 672 3691 816 3743; x_wconf 88' lang='lat' dir='ltr'><strong><em>pressuras</em></strong></span> <span class='ocrx_word' id='word_1_337' title='bbox 834 3685 927 3731; x_wconf 87' lang='lat' dir='ltr'><strong><em>coacta</em></strong></span> <span class='ocrx_word' id='word_1_338' title='bbox 945 3684 987 3731; x_wconf 91' lang='lat' dir='ltr'><strong><em>est</em></strong></span> <span class='ocrx_word' id='word_1_339' title='bbox 1004 3680 1154 3745; x_wconf 84' lang='lat' dir='ltr'><strong><em>exspirare.</em></strong></span> <span class='ocrx_word' id='word_1_340' title='bbox 1175 3681 1310 3733; x_wconf 85' lang='lat' dir='ltr'><strong><em>Puerulus</em></strong></span> <span class='ocrx_word' id='word_1_341' title='bbox 1323 3694 1389 3741; x_wconf 87' lang='lat' dir='ltr'><strong><em>vero</em></strong></span> 
     </span>
     <span class='ocr_line' id='line_1_35' title="bbox 157 3778 1390 3849; baseline -0.006 -12"><span class='ocrx_word' id='word_1_342' title='bbox 157 3783 319 3849; x_wconf 85' lang='lat' dir='ltr'><strong><em>palpitabat,</em></strong></span> <span class='ocrx_word' id='word_1_343' title='bbox 331 3788 358 3834; x_wconf 90' lang='grc'><strong><em>01</em></strong></span> <span class='ocrx_word' id='word_1_344' title='bbox 373 3793 553 3833; x_wconf 91' lang='lat' dir='ltr'><strong><em>mammarum</em></strong></span> <span class='ocrx_word' id='word_1_345' title='bbox 573 3784 759 3830; x_wconf 89' lang='lat' dir='ltr'><strong><em>maternarum</em></strong></span> <span class='ocrx_word' id='word_1_346' title='bbox 772 3791 910 3843; x_wconf 83' lang='lat' dir='ltr'><strong><em>quaerens</em></strong></span> <span class='ocrx_word' id='word_1_347' title='bbox 928 3778 1034 3844; x_wconf 89' lang='lat' dir='ltr'><strong><em>solatia,</em></strong></span> <span class='ocrx_word' id='word_1_348' title='bbox 1049 3779 1237 3831; x_wconf 87' lang='lat' dir='ltr'><strong><em>lamentabiles</em></strong></span> <span class='ocrx_word' id='word_1_349' title='bbox 1250 3779 1307 3832; x_wconf 89' lang='lat' dir='ltr'><strong><em>edit</em></strong></span> <span class='ocrx_word' id='word_1_350' title='bbox 1320 3781 1390 3848; x_wconf 81' lang='lat' dir='ltr'><strong><em>vagi·</em></strong></span> 
     </span>
     <span class='ocr_line' id='line_1_36' title="bbox 159 3876 1389 3943; baseline -0.005 -8"><span class='ocrx_word' id='word_1_351' title='bbox 159 3889 212 3937; x_wconf 91' lang='lat' dir='ltr'><strong><em>tus.</em></strong></span> <span class='ocrx_word' id='word_1_352' title='bbox 227 3883 298 3935; x_wconf 81' lang='lat' dir='ltr'><strong><em>Proh</em></strong></span> <span class='ocrx_word' id='word_1_353' title='bbox 311 3881 390 3934; x_wconf 87' lang='lat' dir='ltr'><strong><em>dolor</em></strong></span> <span class='ocrx_word' id='word_1_354' title='bbox 400 3883 406 3931; x_wconf 86' lang='grc'><strong><em>1</em></strong></span> <span class='ocrx_word' id='word_1_355' title='bbox 416 3887 496 3932; x_wconf 86' lang='lat' dir='ltr'><strong><em>natus</em></strong></span> <span class='ocrx_word' id='word_1_356' title='bbox 511 3883 553 3931; x_wconf 92' lang='lat' dir='ltr'><strong><em>est</em></strong></span> <span class='ocrx_word' id='word_1_357' title='bbox 572 3879 681 3942; x_wconf 83' lang='lat' dir='ltr'><strong><em>inlans3</em></strong></span> <span class='ocrx_word' id='word_1_358' title='bbox 696 3883 776 3929; x_wconf 91' lang='lat' dir='ltr'><strong><em>natus</em></strong></span> <span class='ocrx_word' id='word_1_359' title='bbox 789 3885 815 3928; x_wconf 90' lang='lat' dir='ltr'><strong><em>et</em></strong></span> <span class='ocrx_word' id='word_1_360' title='bbox 835 3876 976 3928; x_wconf 89' lang='lat' dir='ltr'><strong><em>matricida</em></strong></span> <span class='ocrx_word' id='word_1_361' title='bbox 999 3883 1040 3930; x_wconf 88' lang='lat' dir='ltr'><strong><em>est</em></strong></span> <span class='ocrx_word' id='word_1_362' title='bbox 1062 3876 1225 3943; x_wconf 82' lang='grc' dir='ltr'><strong>01100110,οῑ</strong></span> <span class='ocrx_word' id='word_1_363' title='bbox 1246 3879 1389 3931; x_wconf 86' lang='lat' dir='ltr'><strong><em>moricum</em></strong></span> 
     </span>
     <span class='ocr_line' id='line_1_37' title="bbox 159 3976 1388 4045; baseline -0.004 -9"><span class='ocrx_word' id='word_1_364' title='bbox 159 3982 301 4043; x_wconf 84' lang='lat' dir='ltr'><strong><em>convenit,</em></strong></span> <span class='ocrx_word' id='word_1_365' title='bbox 315 3994 376 4032; x_wconf 90' lang='lat' dir='ltr'><strong><em>eum</em></strong></span> <span class='ocrx_word' id='word_1_366' title='bbox 390 3992 447 4033; x_wconf 90' lang='lat' dir='ltr'><strong><em>non</em></strong></span> <span class='ocrx_word' id='word_1_367' title='bbox 459 3979 494 4030; x_wconf 89' lang='lat' dir='ltr'><strong><em>sit</em></strong></span> <span class='ocrx_word' id='word_1_368' title='bbox 506 3979 552 4044; x_wconf 85' lang='lat' dir='ltr'><strong><em>qui</em></strong></span> <span class='ocrx_word' id='word_1_369' title='bbox 566 3978 637 4029; x_wconf 86' lang='lat' dir='ltr'><strong><em>vitae</em></strong></span> <span class='ocrx_word' id='word_1_370' title='bbox 657 3978 758 4029; x_wconf 87' lang='lat' dir='ltr'><strong><em>tribuat</em></strong></span> <span class='ocrx_word' id='word_1_371' title='bbox 780 3977 952 4029; x_wconf 89' lang='lat' dir='ltr'><strong><em>alimentum.</em></strong></span> <span class='ocrx_word' id='word_1_372' title='bbox 967 3976 1036 4038; x_wconf 82' lang='lat' dir='ltr'><strong><em>Quid</em></strong></span> <span class='ocrx_word' id='word_1_373' title='bbox 1058 3977 1138 4029; x_wconf 85' lang='lat' dir='ltr'><strong><em>iaciat</em></strong></span> <span class='ocrx_word' id='word_1_374' title='bbox 1160 3978 1322 4045; x_wconf 83' lang='lat' dir='ltr'><strong><em>peregrinus</em></strong></span> <span class='ocrx_word' id='word_1_375' title='bbox 1341 3990 1388 4031; x_wconf 89' lang='lat' dir='ltr'><strong><em>no·</em></strong></span> 
     </span>
     <span class='ocr_line' id='line_1_38' title="bbox 160 4076 1390 4145; baseline -0.004 -12"><span class='ocrx_word' id='word_1_376' title='bbox 160 4088 227 4145; x_wconf 85' lang='lat' dir='ltr'><strong><em>ster,</em></strong></span> <span class='ocrx_word' id='word_1_377' title='bbox 251 4094 315 4132; x_wconf 88' lang='lat' dir='ltr'><strong><em>cum</em></strong></span> <span class='ocrx_word' id='word_1_378' title='bbox 336 4091 452 4132; x_wconf 89' lang='lat' dir='ltr'><strong><em>uxorem</em></strong></span> <span class='ocrx_word' id='word_1_379' title='bbox 471 4078 561 4129; x_wconf 77' lang='lat' dir='ltr'><strong><em>rideat</em></strong></span> <span class='ocrx_word' id='word_1_380' title='bbox 582 4083 717 4128; x_wconf 89' lang='lat' dir='ltr'><strong><em>mortuam</em></strong></span> <span class='ocrx_word' id='word_1_381' title='bbox 740 4082 766 4126; x_wconf 91' lang='lat' dir='ltr'><strong><em>et</em></strong></span> <span class='ocrx_word' id='word_1_382' title='bbox 782 4076 928 4140; x_wconf 90' lang='lat' dir='ltr'><strong><em>puerulum</em></strong></span> <span class='ocrx_word' id='word_1_383' title='bbox 951 4076 1103 4141; x_wconf 77' lang='lat' dir='ltr'><strong><em>vagientem</em></strong></span> <span class='ocrx_word' id='word_1_384' title='bbox 1126 4076 1250 4142; x_wconf 86' lang='lat' dir='ltr'><strong><em>querulis</em></strong></span> <span class='ocrx_word' id='word_1_385' title='bbox 1268 4076 1390 4139; x_wconf 70' lang='lat' dir='ltr'><strong><em>vocibus</em></strong></span> 
     </span>
     <span class='ocr_line' id='line_1_39' title="bbox 160 4175 1391 4242; baseline -0.006 -10"><span class='ocrx_word' id='word_1_386' title='bbox 160 4181 256 4233; x_wconf 87' lang='lat' dir='ltr'><strong><em>matris</em></strong></span> <span class='ocrx_word' id='word_1_387' title='bbox 270 4191 401 4231; x_wconf 89' lang='lat' dir='ltr'><strong><em>mammas</em></strong></span> <span class='ocrx_word' id='word_1_388' title='bbox 413 4176 609 4242; x_wconf 77' lang='lat' dir='ltr'><strong><em>appetentem?</em></strong></span> <span class='ocrx_word' id='word_1_389' title='bbox 621 4175 740 4226; x_wconf 75' lang='lat' dir='ltr'><strong><em>Attendit</em></strong></span> <span class='ocrx_word' id='word_1_390' title='bbox 759 4176 839 4226; x_wconf 88' lang='lat' dir='ltr'><strong><em>etiam</em></strong></span> <span class='ocrx_word' id='word_1_391' title='bbox 859 4175 948 4226; x_wconf 89' lang='lat' dir='ltr'><strong><em>nautis</em></strong></span> <span class='ocrx_word' id='word_1_392' title='bbox 968 4175 1088 4239; x_wconf 86' lang='lat' dir='ltr'><strong><em>procella</em></strong></span> <span class='ocrx_word' id='word_1_393' title='bbox 1101 4175 1238 4227; x_wconf 88' lang='lat' dir='ltr'><strong><em>saeviente</em></strong></span> <span class='ocrx_word' id='word_1_394' title='bbox 1252 4176 1391 4227; x_wconf 89' lang='lat' dir='ltr'><strong><em>clamanti·</em></strong></span> 
     </span>
     <span class='ocr_line' id='line_1_40' title="bbox 159 4273 1392 4341; baseline -0.003 -9"><span class='ocrx_word' id='word_1_395' title='bbox 159 4281 235 4333; x_wconf 85' lang='lat' dir='ltr'><strong><em>bus:</em></strong></span> <span class='ocrx_word' id='word_1_396' title='bbox 254 4279 400 4332; x_wconf 82' lang='lat' dir='ltr'><strong><em>Eieiatur</em></strong></span> <span class='ocrx_word' id='word_1_397' title='bbox 420 4288 532 4341; x_wconf 84' lang='lat' dir='ltr'><strong><em>corpus</em></strong></span> <span class='ocrx_word' id='word_1_398' title='bbox 553 4278 722 4341; x_wconf 82' lang='lat' dir='ltr'><strong><em>antequam</em></strong></span> <span class='ocrx_word' id='word_1_399' title='bbox 742 4273 928 4327; x_wconf 78' lang='lat' dir='ltr'><strong><em>moriamur.</em></strong></span> <span class='ocrx_word' id='word_1_400' title='bbox 955 4273 1134 4340; x_wconf 79' lang='lat' dir='ltr'><strong><em>Numquam</em></strong></span> <span class='ocrx_word' id='word_1_401' title='bbox 1154 4274 1236 4326; x_wconf 88' lang='lat' dir='ltr'><strong><em>enim</em></strong></span> <span class='ocrx_word' id='word_1_402' title='bbox 1259 4273 1392 4328; x_wconf 80' lang='lat' dir='ltr'><strong><em>cessabit</em></strong></span> 
     </span>
     <span class='ocr_line' id='line_1_41' title="bbox 159 4370 1436 4446; baseline -0.005 -14"><span class='ocrx_word' id='word_1_403' title='bbox 159 4370 327 4446; x_wconf 79' lang='lat' dir='ltr'><strong><em>quassatio</em></strong></span> <span class='ocrx_word' id='word_1_404' title='bbox 339 4376 480 4444; x_wconf 84' lang='lat' dir='ltr'><strong><em>quandin</em></strong></span> <span class='ocrx_word' id='word_1_405' title='bbox 498 4374 582 4427; x_wconf 83' lang='lat' dir='ltr'><strong><em>intro</em></strong></span> <span class='ocrx_word' id='word_1_406' title='bbox 595 4371 704 4439; x_wconf 79' lang='lat' dir='ltr'><strong><em>fuerit.</em></strong></span> <span class='ocrx_word' id='word_1_407' title='bbox 727 4374 794 4426; x_wconf 91' lang='lat' dir='ltr'><strong><em>Non</em></strong></span> <span class='ocrx_word' id='word_1_408' title='bbox 813 4373 897 4425; x_wconf 76' lang='lat' dir='ltr'><strong><em>elsim</em></strong></span> <span class='ocrx_word' id='word_1_409' title='bbox 918 4372 1097 4440; x_wconf 78' lang='lat' dir='ltr'><strong><em>nimbiquum</em></strong></span> <span class='ocrx_word' id='word_1_410' title='bbox 1121 4376 1175 4438; x_wconf 91' lang='lat' dir='ltr'><strong><em>est,</em></strong></span> <span class='ocrx_word' id='word_1_411' title='bbox 1197 4386 1268 4426; x_wconf 91' lang='lat' dir='ltr'><strong><em>cum</em></strong></span> <span class='ocrx_word' id='word_1_412' title='bbox 1281 4375 1390 4426; x_wconf 82' lang='lat' dir='ltr'><strong><em>multis</em></strong></span> <span class='ocrx_word' id='word_1_413' title='bbox 1435 4424 1436 4427; x_wconf 73' lang='grc'>,</span> 
     </span>
     <span class='ocr_line' id='line_1_42' title="bbox 159 4472 1387 4546; baseline -0.007 -13"><span class='ocrx_word' id='word_1_414' title='bbox 159 4477 386 4546; x_wconf 66' lang='lat' dir='ltr'><strong><em>experimentis</em></strong></span> <span class='ocrx_word' id='word_1_415' title='bbox 397 4477 427 4528; x_wconf 88' lang='lat' dir='ltr'><strong><em>et</em></strong></span> <span class='ocrx_word' id='word_1_416' title='bbox 439 4473 616 4526; x_wconf 84' lang='lat' dir='ltr'><strong><em>rationibus</em></strong></span> <span class='ocrx_word' id='word_1_417' title='bbox 629 4473 673 4525; x_wconf 89' lang='lat' dir='ltr'><strong><em>sit</em></strong></span> <span class='ocrx_word' id='word_1_418' title='bbox 679 4472 859 4539; x_wconf 80' lang='lat' dir='ltr'><strong><em>probatum,</em></strong></span> <span class='ocrx_word' id='word_1_419' title='bbox 872 4473 953 4538; x_wconf 87' lang='lat' dir='ltr'><strong><em>quod</em></strong></span> <span class='ocrx_word' id='word_1_420' title='bbox 960 4485 1048 4525; x_wconf 84' lang='lat' dir='ltr'><strong><em>mare</em></strong></span> <span class='ocrx_word' id='word_1_421' title='bbox 1057 4472 1145 4525; x_wconf 84' lang='lat' dir='ltr'><strong><em>intro</em></strong></span> <span class='ocrx_word' id='word_1_422' title='bbox 1156 4472 1241 4525; x_wconf 84' lang='lat' dir='ltr'><strong><em>nibil</em></strong></span> <span class='ocrx_word' id='word_1_423' title='bbox 1251 4473 1387 4526; x_wconf 85' lang='lat' dir='ltr'><strong><em>sustinet</em></strong></span> 
     </span>
     <span class='ocr_line' id='line_1_43' title="bbox 159 4570 1386 4646; baseline -0.003 -17"><span class='ocrx_word' id='word_1_424' title='bbox 159 4576 476 4646; x_wconf 80' lang='lat' dir='ltr'><strong><em>quodsitmortuum.</em></strong></span> <span class='ocrx_word' id='word_1_425' title='bbox 495 4573 526 4624; x_wconf 82' lang='grc'><strong><em>111</em></strong></span> <span class='ocrx_word' id='word_1_426' title='bbox 546 4585 608 4624; x_wconf 87' lang='grc'><strong>011111</strong></span> <span class='ocrx_word' id='word_1_427' title='bbox 630 4570 877 4638; x_wconf 84' lang='lat' dir='ltr'><strong><em>apprehendissent</em></strong></span> <span class='ocrx_word' id='word_1_428' title='bbox 896 4583 995 4637; x_wconf 87' lang='lat' dir='ltr'><strong><em>eorpus</em></strong></span> <span class='ocrx_word' id='word_1_429' title='bbox 1014 4579 1044 4625; x_wconf 94' lang='lat' dir='ltr'><strong><em>ut</em></strong></span> <span class='ocrx_word' id='word_1_430' title='bbox 1057 4572 1124 4624; x_wconf 88' lang='lat' dir='ltr'><strong><em>illud</em></strong></span> <span class='ocrx_word' id='word_1_431' title='bbox 1137 4573 1282 4626; x_wconf 85' lang='lat' dir='ltr'><strong><em>saevientis</em></strong></span> <span class='ocrx_word' id='word_1_432' title='bbox 1303 4573 1386 4625; x_wconf 83' lang='lat' dir='ltr'><strong><em>maris</em></strong></span> 
     </span>
    </p>
   </div>
   <div class='ocr_carea' id='block_1_3' title="bbox 0 0 1559 5498">
    <p class='ocr_par' dir='ltr' id='par_1_5' title="bbox 0 0 1559 5498">
     <span class='ocr_line' id='line_1_44' title="bbox 0 0 1559 5498; baseline 0 0"><span class='ocrx_word' id='word_1_433' title='bbox 0 0 1559 5498; x_wconf 95' lang='lat' dir='ltr'><strong><em> </em></strong></span> 
     </span>
    </p>
   </div>
  </div>
 </body>
</html>
