3076 5498
147 325 215 391 530
493 339 621 390 aaran.
641 338 743 388 cono.
762 337 936 388 meroen.
954 336 1037 387 nar.

148 516 175 561 et
187 509 312 574 precibus
323 508 387 560 talia
397 508 474 561 novit
483 507 535 560 sibi
545 507 692 574 contigisse
702 506 843 559 miracula.
857 508 889 557 llt
898 505 1039 571 accipiens
1053 517 1191 570 puerum,
1201 504 1259 555 ait:
1272 501 1366 555 aleca

149 608 254 660 Maria
267 607 466 671 Mapdaleaa,
481 619 574 673 quam
587 606 669 671 felia
680 618 787 672 assera,
801 618 894 671 qaam
900 616 1056 670 prospere
1067 595 1155 655 milti
1176 604 1291 655 cuncta
1301 599 1368 652 adse

147 704 276 770 misserat,
289 704 319 756 si
330 705 447 756 mulier
458 704 633 768 respiraret
643 705 673 756 et
684 715 805 755 mecam
815 701 997 768 repatriare
1008 701 1144 753 valeret.
1159 700 1230 753 Scio
1241 698 1366 765 apsidas.

148 802 212 855 scio
224 803 374 869 etprocai
385 801 477 854 dubio
489 801 580 854 credo
592 800 673 867 qaod
685 803 730 862 ta,
743 813 824 866 qaae
831 811 969 866 pueram
980 798 1101 851 dedisti
1113 801 1147 850 et
1155 810 1220 864 per
1231 796 1363 850 mnam

149 900 184 952 ia
201 900 260 954 hac
271 913 351 967 rape
357 900 488 966 pavisti,
512 902 645 952 matrem
658 899 778 965 poteris
792 911 886 965 prece
897 901 954 950 tua
961 897 1130 964 pristinae
1148 895 1286 949 sanitati
1299 892 1385 946 restit

150 1003 243 1052 tuere.
257 999 295 1051 ld
309 1001 375 1052 haec
387 1000 470 1052 verba
484 1000 583 1051 mulier
595 998 748 1064 respiravit,
762 1003 790 1051 et
806 999 884 1065 quasi
898 1011 913 1050 a
925 1009 1023 1049 somno
1035 996 1192 1063 evigilans,
1205 996 1266 1048 ait:
1283 991 1365 1058 Μααιί

148 1101 255 1153 meriti
266 1113 306 1167 es,
320 1100 436 1153 abacta
448 1103 480 1153 et
488 1100 627 1165 ptoriosa
640 1099 747 1152 Maria
756 1097 954 1164 Maeoniam,
967 1108 1049 1163 qaae
1059 1095 1095 1147 ia
1102 1098 1229 1163 partus
1238 1095 1296 1148 mei
1304 1105 1364 1158 pret·

149 1199 236 1251 saris
248 1199 420 1252 obstetricis
439 1199 578 1265 implesti
589 1197 766 1265 officiamet
789 1193 976 1248 inomaiims
995 1194 1244 1248 necessitatibus
1259 1191 1363 1260 piatatis

149 1298 266 1351 intuita
278 1299 416 1353 armillae
434 1298 605 1364 implevisti
615 1297 761 1364 officiam.
775 1299 832 1360 Quo
852 1296 954 1358 audito,
968 1295 1138 1361 peregrinus
1159 1295 1308 1347 ammirans
1321 1292 1361 1344 ait:

156 1397 286 1463 Vivisae,
300 1398 416 1451 mittier
427 1410 496 1450 mea
514 1397 629 1450 dilecta
642 1398 654 1449 l
666 1395 715 1448 cui
727 1396 773 1448 illa
788 1411 794 1447 :
815 1395 885 1449 Vivo
900 1395 1052 1461 equidem,
1075 1397 1106 1448 et
1129 1407 1221 1448 nanc
1227 1392 1322 1461 prim
1337 1384 1391 1440 dell

142 1497 408 1564 perepriaattoae,
422 1498 575 1562 deaucet
587 1498 621 1548 ta
633 1496 729 1562 vertis,
737 1495 876 1555 pertimet
886 1494 968 1547 sicat
979 1493 1108 1546 beatum
1121 1493 1258 1547 Petrum
1266 1491 1360 1558 aperto

151 1595 217 1649 iam
229 1597 338 1649 dacem
347 1599 377 1648 et
386 1596 528 1649 comitem
538 1596 572 1647 ia
581 1594 723 1648 omnibus
735 1594 809 1647 tacis
819 1592 967 1657 habuisti,
981 1593 1028 1645 ita
1036 1595 1132 1660 etepo
1144 1578 1215 1645 aaa
1224 1590 1360 1650 aalma

149 1695 239 1749 aeota
252 1694 356 1748 Maria
368 1694 639 1762 Mapdalenadace
647 1693 803 1759 etcomite,
813 1693 925 1759 altique
933 1691 993 1759 fai,
1004 1690 1302 1760 stapulaperspeai,
1311 1697 1361 1739 aaa·

149 1798 254 1861 specta
274 1795 444 1848 meritoriae
463 1793 685 1848 commendavi.
707 1795 738 1844 Et
750 1793 897 1858 incipiens,
914 1791 1005 1843 omnia
1027 1792 1090 1845 loca
1108 1796 1138 1844 et
1163 1788 1361 1852 armentaque

148 1893 190 1945 vir
202 1892 307 1946 viderat
328 1899 355 1945 et
373 1899 541 1959 peragrarat,
555 1891 624 1944 adeo
646 1891 738 1957 plane,
752 1892 821 1945 adeo
842 1891 950 1944 evolute
969 1890 1104 1957 explicuit
1114 1897 1148 1943 ut
1160 1904 1213 1944 nee
1225 1890 1254 1941 in
1272 1875 1388 1939 articultss

150 1991 281 2045 deviaret.

181 2091 213 2144 9.
227 2090 296 2153 Quid
317 2091 417 2157 plura?
431 2092 602 2157 Peregrinus,
624 2096 734 2156 recepta
755 2091 872 2158 coniuge
892 2103 941 2142 sua
961 2101 1030 2142 sana
1042 2092 1071 2141 et
1092 2089 1230 2141 ineolumi
1251 2092 1360 2150 etpnent

149 2167 247 2242 navem
261 2190 348 2242 laetus
368 2190 537 2254 conscendit,
551 2196 578 2243 et
597 2190 734 2243 naucleris
754 2196 783 2241 et
803 2189 932 2242 omnihus
954 2189 1000 2254 qui
1023 2187 1143 2240 aderant
1163 2188 1257 2240 omnia
1273 2176 1360 2251 quaed
1392 2250 1395 2261 ⁴

150 2288 321 2354 contigerant
342 2288 509 2341 enucleavit.
533 2291 593 2340 Post
621 2287 704 2354 paulo
726 2287 861 2340 llassiliae
886 2286 976 2353 portui
998 2285 1209 2352 applicuerunt,
1228 2292 1255 2337 et
1273 2275 1359 2348 egreia,
1393 2344 1395 2369 Ι

151 2386 315 2440 invenerunt
327 2388 435 2440 beatam
449 2386 636 2455 llagdalenam
649 2400 710 2439 cum
723 2385 867 2452 discipulis
878 2386 936 2439 suis
950 2398 1066 2453 magnae
1080 2384 1253 2458 multitudini
1264 2367 1387 2449 genitu!

152 2484 366 2550 praedicantem.
378 2488 409 2537 Et
421 2485 537 2551 pedibus
549 2486 608 2552 ejus
618 2485 764 2551 provoluti,
774 2484 919 2537 dixerunt:
933 2483 1056 2537 obeata
1068 2483 1180 2537 Maria
1192 2477 1358 2548 Haedum

152 2597 286 2650 maenas
298 2588 345 2638 est
357 2586 436 2638 Deus
457 2588 540 2649 tuas,
554 2597 643 2650 quem
657 2584 734 2637 colis
746 2587 776 2636 et
793 2583 973 2650 praedicas.
994 2582 1118 2636 acimaas
1138 2585 1171 2635 el
1191 2571 1359 2636 mediaest

152 2682 337 2748 confitemur
350 2683 430 2749 qaod
441 2697 504 2736 aaa
515 2685 561 2735 est
572 2684 654 2736 Deus
669 2685 802 2748 macter
813 2695 893 2734 eam.
909 2681 985 2735 Ecce
995 2693 1054 2735 aas
1065 2684 1098 2735 et
1109 2680 1219 2734 omnia
1233 2668 1357 2732 amauit

151 2793 251 2834 marta
263 2783 318 2834 tua
338 2784 413 2833 sarit
424 2799 433 2847 ,·
445 2781 504 2849 fiat
524 2781 563 2834 de
574 2780 715 2834 omnibus
727 2781 808 2834 sicat
829 2781 886 2833 vis.
900 2782 933 2832 lit
954 2781 1111 2833 astantibus
1132 2783 1273 2833 narrantes
1289 2767 1354 2828 uitii¹

151 2892 222 2945 quae
233 2880 274 2931 eis
285 2879 443 2932 acciderant
460 2887 486 2932 et
507 2880 641 2942 viderant,
656 2893 671 2931 a
694 2881 774 2933 beato
787 2880 933 2932 llaximino
954 2878 1083 2943 baptizati
1106 2884 1184 2933 sunt.
1197 2881 1228 2931 llt
1247 2856 1380 2928 taalenu!

152 2976 293 3030 diruentes
305 2977 441 3042 aedilicia,
454 2984 607 3031 statuerunt
628 2979 758 3032 ecelesias
770 2979 799 3031 in
821 2978 935 3032 nomine
957 2977 1066 3031 Domini
1080 2977 1169 3031 nostri
1188 2979 1249 3030 lesu
1264 2966 1352 3028 mrim

154 3077 197 3128 eui
210 3081 252 3129 est
263 3078 352 3130 honor
364 3081 392 3129 et
402 3077 488 3143 gloria
500 3077 529 3129 in
542 3077 650 3130 saecula
663 3078 847 3131 saeculorum.
861 3079 958 3129 lmen.

604 3240 898 3263 ——3———1——t

607 3270 899 3291 —

315 3483 578 3572 DGGGXXXI.
602 3485 728 3573 (lodex
748 3487 940 3597 signatus
961 3511 1077 3577 num.
1103 3485 1199 3575 810.

188 3698 257 3750 Olim
271 3700 334 3764 lleg.
348 3701 377 3750 d.
390 3702 493 3752 asota.

188 3796 326 3848 sotiorum
338 3799 517 3863 onopraeter
530 3800 648 3854 insama
663 3807 792 3868 quattuor
804 3802 832 3853 tn
847 3799 937 3867 capia
950 3799 1077 3866 adicis),
1094 3813 1169 3854 max.
1187 3775 1332 3865 (enutriit

156 3893 292 3946 columnis
303 3894 386 3956 binis,
399 3903 527 3950 exaratus
540 3912 613 3953 saec.
626 3903 690 3952 xlv.
1381 3918 1395 3974 t

191 3992 445 4048 Praeterireviores
454 3997 584 4064 legendas
594 3999 708 4051 inferius
718 3999 913 4064 recensendas,
924 4000 1107 4052 eontinentur
1117 3999 1147 4051 in
1157 4000 1206 4052 ltoc
1223 3971 1334 4078 ΜΨ
1382 4021 1395 4054 a

261 4093 295 4159 t⁰
320 4089 521 4171 Lectiones
539 4119 610 4194 per
635 4095 929 4173 hebdomadam
946 4096 1008 4173 vel
1027 4119 1102 4196 per
1133 4105 1276 4176 octavas
1287 4078 1336 4159 tet

304 4214 566 4294 translationis
584 4219 705 4296 sancti
724 4218 912 4298 Martialis
936 4219 1111 4320 apostoli
1131 4219 1208 4322 (fol.
1227 4197 1340 4295 58¹·ssst
1391 4206 1395 4243 ¹

306 4333 470 4434 sar-top.

193 4457 241 4507 Ubi
255 4456 358 4508 scilicet
376 4466 521 4513 enarratur
541 4463 637 4516 relatio
657 4465 781 4530 corporis
801 4469 829 4520 S.
842 4467 973 4519 llartialis
993 4468 1185 4522 sollemniaco
1202 4466 1234 4520 ad
1245 4454 1347 4518 occltffl

159 4550 310 4607 salvatoris
322 4557 552 4612 lemovicensem.
566 4560 624 4615 vid.
637 4562 719 4628 inira,
731 4563 855 4631 append.
