3076 5498
487 311 611 360 CATAL.
632 310 734 359 conl).
756 308 933 359 ululabit.
955 309 1037 358 LAT-

408 529 618 643 Appendix
638 529 688 616 ad
708 527 788 618 cod.
811 527 864 616 N.
888 528 938 614 l.
965 526 1092 616 2179.

242 750 450 815 Minaounuu
475 765 511 812 ru
536 763 755 810 aasmvrrara
780 743 838 809 SS.
866 745 1040 818 Toaouaar
1064 763 1108 809 ar
1125 758 1281 809 scemata

525 851 606 939 (cfr.
627 872 738 936 supra,
757 873 789 937 p.
810 853 889 927 480,
909 848 992 938 360).

181 1042 234 1095 Sed
248 1042 316 1093 illud
329 1041 412 1108 pallio
426 1040 527 1092 silentii
539 1039 649 1105 operire
662 1051 718 1091 non
731 1035 865 1090 debemus
877 1049 948 1103 quae
960 1042 1015 1089 tam
1026 1037 1171 1103 praeclara
1182 1037 1277 1091 bomini
1286 1036 1337 1087 nin

147 1141 208 1194 cula
220 1141 248 1192 in
262 1142 383 1205 ipsorum
397 1139 585 1191 anniversaria
599 1137 651 1202 piis
664 1141 694 1188 et
705 1134 834 1187 fidelibus
852 1140 1009 1188 sanctorum
1029 1136 1138 1188 meritis
1150 1142 1336 1202 operaturusou

150 1241 177 1291 in
192 1239 355 1292 hodiernum
367 1238 451 1289 diem.
467 1240 536 1289 llaec
559 1249 631 1302 quae
649 1248 803 1300 narramus,
825 1235 918 1287 cuncti
940 1234 1055 1300 scimus,
1068 1241 1096 1288 et
1117 1236 1171 1302 ipsi
1192 1231 1352 1303 persanaret

148 1338 286 1391 Ecclesiae
298 1335 522 1403 perfidorumque
534 1335 654 1388 cultores
665 1348 760 1387 verum
772 1341 934 1400 agnoscunt.
949 1335 995 1385 Est
1012 1334 1118 1387 ibidem
1129 1341 1193 1387 ante
1211 1329 1334 1387 lomet

148 1439 204 1490 siae
217 1419 251 1490 ab
263 1437 329 1502 ipsis
341 1437 444 1488 sanctis
457 1436 533 1487 radix
545 1435 615 1487 oliva
634 1435 741 1487 modica
761 1435 858 1500 posita,
877 1439 1007 1500 unaque
1025 1434 1054 1486 in
1067 1447 1101 1486 ea
1114 1448 1131 1487 a
1143 1436 1252 1489 Domino
1261 1432 1333 1485 dots
1365 1496 1367 1509 ι

146 1538 250 1606 gratiae
263 1549 394 1589 concessa
407 1541 448 1588 est
461 1541 491 1587 ut
508 1535 536 1586 in
555 1547 670 1600 vespera
689 1535 813 1600 ipsorum
832 1539 991 1586 sanctorum
1010 1533 1187 1601 ingrediente
1205 1533 1282 1586 natale
1294 1529 1332 1596 pu
1364 1514 1367 1561 ¹

149 1634 263 1689 lloribus
276 1639 408 1685 vernatur
419 1646 501 1700 quam
515 1633 588 1686 loliis
600 1638 694 1697 operta
707 1631 826 1684 videtur.
847 1634 927 1684 llane
947 1643 1013 1686 vero
1033 1643 1067 1683 ex
1079 1632 1148 1697 ipsis
1160 1631 1265 1686 lloribm
1274 1626 1329 1681 aunis

147 1739 299 1785 conventus
311 1733 357 1796 viui
371 1732 415 1796 pia
428 1731 573 1785 devotione
594 1730 738 1784 advenerit
759 1735 787 1782 et
804 1735 963 1783 sanctorum
982 1735 1132 1783 veneratus
1150 1720 1347 1796 patrociniasall

147 1830 248 1883 totiens
260 1829 419 1896 gentilitatis
432 1828 577 1882 multitudo
590 1828 791 1881 baereticorum
802 1840 1050 1894 perversorumque
1060 1826 1217 1897 dogmatum
1228 1834 1325 1880 aecana·

55 1939 61 1949 ·
80 1978 86 1990 ,
149 1929 227 1992 tium,
239 1933 292 1980 lani
306 1929 449 1994 periectas*
459 1935 486 1980 el
498 1935 553 1980 tara
562 1929 681 1980 ubertas·
691 1929 776 1981 olivas
785 1933 934 1980 maturatas
942 1928 1076 1993 omnique
1086 1920 1323 1994 pulchritudinem·

148 2027 412 2092 natasvinderniant‚
423 2028 465 2080 vel
476 2032 504 2080 ut
514 2029 595 2080 certis
605 2029 775 2093 temporibus
785 2036 812 2080 et
822 2027 857 2078 ila
867 2039 964 2079 omnes
974 2024 1080 2093 lideles,
1088 2023 1320 2092 proutunasqritnt

148 2141 197 2180 seu
209 2127 345 2193 infideles,
359 2128 487 2195 colligere
499 2128 599 2191 valent,
613 2127 769 2193 deportant.
783 2128 848 2192 Quis
859 2128 932 2181 enim
946 2127 1017 2180 valet
1034 2127 1130 2181 dicere
1148 2127 1221 2194 copia
1230 2126 1258 2179 de
1269 2117 1319 2174 null

147 2227 251 2280 tudinis
264 2228 345 2294 liujus
358 2227 482 2279 tructus?
493 2228 577 2293 Cujus
589 2228 617 2278 in
631 2241 716 2279 unum
730 2229 753 2278 si
766 2227 895 2294 colligere
908 2228 948 2278 sas
962 2226 1069 2291 luisset,
1082 2227 1226 2293 plurimum
1237 2208 1341 2289 permit!

149 2340 294 2379 numerum
314 2327 454 2392 complere
477 2327 659 2391 cophinorum
684 2327 833 2392 olivarum,
858 2329 1015 2391 praestante
1043 2327 1160 2379 Domino
1190 2331 1265 2378 nostro
1282 2321 1316 2370 llll

147 2427 263 2489 Christo,
278 2427 324 2490 qni
339 2433 472 2491 martvres
487 2431 513 2478 et
534 2425 707 2479 confessores
726 2439 791 2479 suos
808 2425 928 2491 suscepit
947 2425 974 2475 in
987 2437 1056 2490 pace
1069 2431 1098 2477 et
1110 2415 1315 2493 plantavimu-

150 2531 215 2591 tute,
229 2526 273 2577 cui
285 2532 326 2578 esi
338 2539 393 2578 una
415 2540 477 2578 rum
496 2527 573 2578 Patre
588 2531 707 2591 potestas
726 2525 844 2579 indivisa
865 2532 892 2579 et
911 2527 1071 2594 coaequalis
1094 2526 1209 2579 essentia
1221 2523 1243 2574 in
1256 2516 1314 2572 rull!

149 2625 266 2690 Spiritus
277 2623 364 2677 sancti
378 2625 406 2676 in
419 2626 529 2678 saecula
541 2626 712 2678 saeculorum
726 2627 821 2678 Amen.
1341 2604 1344 2609 ⁸

254 2793 339 2856 Vrra
364 2811 512 2857 saneris
536 2792 738 2858 Saoouauaa
755 2792 795 2880 (a)
811 2790 892 2873 (Cir.
913 2812 1024 2877 supra,
1044 2813 1077 2878 p.
1098 2791 1175 2869 483,
1191 2788 1256 2873 58⁰).
1320 2777 1337 2829 ⁵

189 2981 276 3042 vata
289 2984 347 3043 ver
361 2982 542 3042 transitus
560 2977 567 3016 ¹
583 2983 733 3042 sanaem
752 2981 943 3054 sagunnae
957 2983 1173 3043 concessoris
1186 2969 1291 3043 mitat

459 3081 471 3119 l
485 3080 543 3142 dle
557 3085 666 3142 vnn
680 3083 857 3142 kalendas
871 3082 1062 3152 augustas.

182 3260 207 3312 1.
222 3260 260 3309 ad
279 3260 491 3311 conversionem
504 3257 511 3297 ¹
527 3273 574 3311 seu
597 3258 820 3312 correctionem²
834 3258 1000 3322 mortali[s]³
1023 3260 1138 3311 bomani
1149 3237 1317 3326 generisnvll‘

149 3365 264 3424 prosunt
275 3359 400 3423 exempla
414 3359 560 3419 bonorum,
574 3372 623 3423 pro
642 3359 741 3422 quibus
760 3358 920 3411 aedificatur
937 3358 1030 3423 bomo,
1048 3360 1140 3411 varias
1151 3352 1262 3410 sectando
1270 3344 1317 3395 Μ’

149 3463 198 3510 tes.
214 3457 241 3508 Si
262 3457 336 3508 onim
359 3463 502 3521 praccepta
523 3456 630 3509 bomini
652 3456 809 3520 deessem-²2,
824 3470 872 3522 pro
896 3457 956 3523 lege
974 3457 1056 3509 nobis
1078 3457 1202 3522 exempla
1218 3422 1346 3506 sttffifflffl‘l

147 3558 334 3610 sanctorumv'.
348 3558 404 3607 llor.
417 3569 432 3606 a
445 3555 564 3607 saeculis
575 3557 630 3621 egit
643 3569 734 3606 rerum
748 3554 865 3608 salvator
878 3561 1021 3617 aeternus,
1035 3563 1065 3608 ut
1083 3556 1241 3609 famulorum
1251 3544 1319 3600 mant

148 3663 175 3709 et
188 3656 351 3708 tantularum
362 3655 432 3706 sarna
447 3655 575 3719 bonaque
588 3655 695 3706 futurae
715 3655 863 3707 memoriae
880 3654 1137 3720 commendaretur,
1156 3668 1201 3721 per
1217 3646 1320 3720 quante*

148 3763 225 3809 turus
245 3754 354 3807 soboles
375 3754 512 3819 copiosius
533 3753 705 3819 gloriaretur.
727 3755 849 3820 lienique
870 3759 962 3806 tantae
983 3756 1080 3807 matris
1102 3761 1210 3808 nostrae
1227 3740 1323 3814 θεῶν

146 3851 322 3920 adgredimur
335 3858 428 3903 texere
440 3858 524 3918 gesta.
539 3852 595 3903 Erit
607 3852 680 3903 enim
694 3857 849 3904 nostrorum
869 3852 971 3904 arbiter
990 3851 1139 3906 doctorum
1155 3830 1325 3906 virtatuulldl

148 3960 190 4006 tor
202 3953 363 4017 immensus
377 3951 423 4016 qui
439 3954 466 4002 et
478 3963 592 4003 munera
606 3950 674 4003 vitae
688 3952 818 4016 perennis
831 3951 933 4018 gratiae
945 3965 1012 4005 suae
1024 3952 1099 4006 dona
1113 3953 1224 4020 largitus
1234 3952 1274 4003 cst
1334 3917 1351 3974 ³

182 4134 244 4187 Tit.
260 4163 290 4172 -
305 4133 313 4173 1
329 4135 502 4188 beatissimae
514 4132 586 4187 add.
600 4137 625 4186 Ξ.
638 4133 694 4174 ——2
707 4133 758 4186 sub
768 4134 841 4188 odd.
851 4135 877 4185 2.

182 4218 275 4268 Num.
291 4221 317 4270 1.
330 4247 363 4256 -
377 4220 384 4260 ¹
400 4218 634 4271 conversationem
659 4222 682 4270 l.
702 4215 972 4282 -200rrep110nem
995 4219 1018 4268 l.
1040 4243 1074 4254 -
1085 4217 1099 4260 ³
1111 4215 1199 4271 codd.
1215 4210 1340 4269 nioraliae

149 4303 159 4341 l
175 4301 220 4352 iio
232 4301 317 4354 codd.
331 4330 363 4338 —
374 4303 387 4341 5
400 4304 439 4370 (li.
453 4302 492 4363 d.)
505 4301 532 4353 d.
547 4302 575 4352 o.
589 4301 613 4351 t.
629 4330 660 4337 -
672 4301 685 4342 l·
698 4302 733 4364 (c.
747 4314 770 4352 s.
783 4302 817 4364 s.)
830 4304 917 4352 sanet.
931 4311 973 4351 ex.
993 4298 1056 4352 sall.
1069 4299 1096 4353 2.

180 4463 214 4523 (l)
230 4463 265 4511 Er
277 4461 417 4513 codicibus
430 4463 459 4512 N.
474 4461 503 4512 l.
518 4462 584 4512 alto
596 4461 630 4524 (l)
643 4463 670 4512 et
682 4462 730 4511 abit
741 4461 785 4522 (Ξ).
800 4462 831 4512 ln
842 4465 960 4525 utroque
973 4458 1070 4512 codice
1081 4460 1141 4511 vita
1152 4458 1298 4513 admodum
1307 4455 1345 4507 bal·

148 4546 213 4598 baro
227 4547 288 4599 stilo
304 4546 439 4612 descripta
449 4546 492 4599 vel
504 4545 657 4610 conscripta
671 4544 777 4610 legitur.
